=LDR  02764 am a2200481 i 4500
=001  018647152
=003  Uk
=005  20190123100531.0
=008  180105s2017\\\\ag\a\\\\\b\\\\000\0\spa\c
=010  \\$a2017372233  
=020  \\$a9789500758666
=020  \\$a9500758660
=035  \\$a(OCoLC)1017990802
=040  \\$aUBY$beng$cUBY$dOCLCF$dNOC$dFUG$dDLC$erda
=042  \\$aukblderived
=043  \\$as-ag---
=050  \4$aF3001.3$b.K67 2017
=050  \4$aF3001.3$bE6 2017
=245  00$aEn Buenos Aires 1928 /$cFrancis Korn, Martín Oliver.
=264  \1$aBuenos Aires :$bEditorial Sudamericana,$c2017.
=300  \\$a253 pages :$billustrations ;$c23 cm
=336  \\$atext$2rdacontent
=336  \\$astill image$2rdacontent
=337  \\$aunmediated$2rdamedia
=338  \\$avolume$2rdacarrier
=504  \\$aIncludes bibliographical references.
=505  00$tEnero: a manera de prólogo /$rFrancis Korn --$tPor Yrigoyen en La Ópera /$rMartín Oliver --$tCorrientes angosta (de Cerrito al Bajo) /$rFrancis Korn --$tUn pasatiempo mundano /$rMartín Oliver y Francis Korn --$tLa reunión familiar /$rFrancis Korn --$tCamino a Radiolandia, nace La Canción Moderna /$rFrancis Korn y Martín Oliver --$tCafé gourmet /$rMartín Oliver y Francis Korn --$tEl Mundo y Arlt /$rMartín Oliver y Enrique Fraga --$tStefano /$rFrancis Korn y Florencia Caudarella --$tEsperando a Goya /$rRoberto Amigo --$tEn voz alta /$rMartín Oliver --$tLa familia obrera: una encuesta /$rMartín Oliver --$tOtras fuentes de ingreso y el cianuro /$rFrancis Korn e Ignacio López --$tOlimpiádas: se perdió en el alargue /$rFrancis Korn, Ignacio López y Martín Oliver --$tEllas /$rFrancis Korn --$tAlvear: más Catón que César /$rIgnacio López y Francis Korn --$tCriterio /$rMartín Oliver --$tUna proeza rústica y humilde /$rFrancis Korn --$tEl 12 de octubre /$rIgnacio López --$tOtra reunión pero en la Costanera /$rFrancis Korn y Martín Oliver.
=648  \7$a1900-1999$2fast
=651  \0$aBuenos Aires (Argentina)$xHistory$y20th century.
=651  \7$aArgentina$zBuenos Aires.$2fast$0(OCoLC)fst01205786
=653  \\$aNineteen twenty-eight, A.D.
=655  \7$aHistory.$2fast$0(OCoLC)fst01411628
=700  1\$aKorn, Francis,$eeditor,$eauthor.
=700  1\$aOliver, Martín,$d1977-$eeditor,$eauthor.
=852  41$aBritish Library$bHMNTS$jYF.2019.a.1665
=856  41$uhttp://core.cambeiro.com.ar/0-123498-49.pdf
=856  41$3Table of contents only$uhttp://catdir.loc.gov/catdir/toc/gc01/9789500758666.pdf
=CAT  \\$aBATCH-WEL$b00$c20190123$lBLL01$h1005
=CAT  \\$aBATCH-UPD$b00$c20190123$lBLL01$h1008
=FIN  \\$aY$d20190123
=FMT  \\$a  BK
=LAS  \\$aBATCH-UPD$b00$c20190123$lBLL01$h1008
=SRC  \\$aOCLC$bOCLChits0718.txt

