=LDR  01844 am a2200469 i 4500
=001  018647355
=003  Uk
=005  20180621131200.0
=008  170710s2017\\\\ag\\\\\\\b\\\\000\0\spa\d
=010  \\$a  2017371750
=020  \\$a9789507932564
=035  \\$a(AR-BaFGC)0-184327/3
=035  \\$a(OCoLC) 993644734
=040  \\$aAR-BaFGC$beng$cAR-BaFGC$dDLC$dUk$erda
=042  \\$aukblderived
=043  \\$as-ag---$an-mx---
=050  00$aPN1993.5.A7$bP367 2017
=245  00$aPantallas transnacionales :$bel cine argentino y mexicano del período clásico /$cAna Laura Lusnich, Alicia Aisemberg y Andrea Cuarterolo (editoras).
=264  \1$a[Distrito Federal (Mexico)] :$bCineteca Nacional México ;$aBuenos Aires :$bImago Mundi,$c[2017]
=300  \\$a449 pages ;$c22 cm.
=336  \\$atext$2rdacontent
=337  \\$aunmediated$2rdamedia
=338  \\$avolume$2rdacarrier
=490  0\$aColección Audiovisual
=504  \\$aIncludes bibliographical references.
=650  \0$aMotion picture industry$zMexico$xHistory$y20th century.
=650  \0$aMotion picture industry$zArgentina$xHistory$y20th century.
=700  1\$aLusnich, Ana Laura,$eeditor.
=700  1\$aAisemberg, Alicia,$eeditor.
=700  1\$aCuarterolo, Andrea,$eeditor.
=700  1\$iContainer of (work):$aAisemberg, Alicia.$tEstrategia de las parejas estelares.
=852  41$aBritish Library$bHMNTS$jYF.2018.a.10496
=856  41$uhttp://core.cambeiro.com.ar/0-184327-3.pdf
=856  41$3Table of contents only$uhttp://www.loc.gov/catdir/toc/gc01/9789507932564.pdf
=CAT  \\$a11253$b40$c20171213$lBLL01$h1401
=CAT  \\$a10904$b40$c20180620$lBLL01$h1403
=CAT  \\$a10904$b40$c20180620$lBLL01$h1404
=CAT  \\$a5100$b40$c20180621$lBLL01$h1312
=FIN  \\$aY$d20180620
=FMT  \\$a  BK
=LAS  \\$a5100$b40$c20180621$lBLL01$h1312
=SRC  \\$aBLL02

