=LDR  02022cam a2200505 i 4500
=001  018647419
=003  Uk
=005  20180221115254.0
=008  170607e201610\\ag\\\\\\\b\\\f100\0\spa\d
=010  \\$a  2017371404
=020  \\$a9789871921676
=035  \\$a(AR-BaFGC)0-147164/26
=035  \\$a(OCoLC) 989709714
=040  \\$aAR-BaFGC$beng$cAR-BaFGC$dDLC$dUk$erda
=042  \\$aukblderived
=043  \\$ae-sp---$acl-----$as-ag---
=050  00$aPQ7655$b.L556 2014
=245  00$aLiteratura y política /$cAymará de Llano compiladora.
=250  \\$aPrimera edición.
=264  \1$aMar del Plata, Argentina :$bEUDEM,$c2016.
=300  \\$a248 pages ;$c21 cm.
=336  \\$atext$2rdacontent
=337  \\$aunmediated$2rdamedia
=338  \\$avolume$2rdacarrier
=490  0\$aSerie Símbolos
=500  \\$aPapers presented at two workshops organized during the V Congreso Internacional CELEHIS de Literatura, Nov. 7th-9th 2014.
=504  \\$aIncludes bibliographical references.
=650  \0$aPolitics in literature$vCongresses.
=650  \0$aPolitics and literature$vCongresses.
=650  \0$aArgentine literature$y20th century$xHistory and criticism$vCongresses.
=650  \0$aSpanish literature$y20th century$xHistory and criticism$vCongresses.
=650  \0$aLatin American literature$y20th century$xHistory and criticism$vCongresses.
=700  1\$aLlano, Aymará de,$eeditor.
=711  2\$aCongreso Internacional CELEHIS de Literatura$n(5th :$d2014 :$cMar del Plata, Argentina)
=852  41$aBritish Library$bHMNTS$jYF.2018.a.3340
=856  41$3Table of contents only$uhttp://www.loc.gov/catdir/toc/gc01/9789871921676.pdf
=856  41$uhttp://core.cambeiro.com.ar/0-147164-26.pdf
=CAT  \\$a11253$b40$c20171213$lBLL01$h1452
=CAT  \\$a10904$b40$c20180221$lBLL01$h1152
=CAT  \\$aBATCH-UPD$b40$c20180324$lBLL01$h1720
=CAT  \\$aW2308-1659$c20230923$lBLL01$h0937
=FIN  \\$aY$d20180221
=FMT  \\$a  BK
=LAS  \\$aW2308-1659$b00$c20230923$lBLL01$h0937
=SID  \\$aZ39$bLOC

