=LDR  01555 am a2200397 i 4500
=001  018648329
=003  Uk
=005  20180222140253.0
=008  161104s2016\\\\ag\a\\\\\b\\\f000\0\spa\d
=010  \\$a  2017371052
=020  \\$a9789871881604
=035  \\$a(AR-BaFGC)0-184829/1
=040  \\$aAR-BaFGC$beng$cAR-BaFGC$dDLC$dUk$erda
=042  \\$aukblderived
=050  00$aPQ7798.23.A692$bZ845 2016
=245  00$aRelatos infieles :$bTomás Eloy Martínez /$cCarmen Perilli (compiladora) ; Oscar Martín Aguierrez [and nineteen others].
=264  \1$aS.M. de Tucumán, Argentina :$bEditorial de la Universidad Nacional de Tucumán (EDUNT),$c[2016]
=300  \\$a393 pages :$billustrations ;$c21 cm.
=336  \\$atext$2rdacontent
=337  \\$aunmediated$2rdamedia
=338  \\$avolume$2rdacarrier
=490  0\$aColección Saberes académicos
=504  \\$aIncludes bibliographical references.
=600  10$aMartínez, Tomás Eloy$xCriticism and interpretation.
=700  1\$aPerilli, Carmen,$eeditor.
=700  12$iContainer of (work):$aMartínez, Tomás Eloy.$tArticles.$kSelections
=852  41$aBritish Library$bHMNTS$jYF.2018.a.3460
=856  41$uhttp://core.cambeiro.com.ar/0-184829-1.pdf
=856  41$3Table of contents only$uhttp://www.loc.gov/catdir/toc/gc01/9789871881604.pdf
=CAT  \\$a11253$b40$c20171214$lBLL01$h1047
=CAT  \\$a10904$b40$c20180222$lBLL01$h0800
=CAT  \\$a8962$b40$c20180222$lBLL01$h1402
=FIN  \\$aY$d20180222
=FMT  \\$a  BK
=LAS  \\$a8962$b40$c20180222$lBLL01$h1402
=SRC  \\$aBLL02

