=LDR  01786cam a2200433 i 4500
=001  018670737
=003  Uk
=005  20180616073319.0
=008  170307s2016\\\\ag\a\\\\\b\\\\000\0\spa\d
=010  \\$a  2017371143
=020  \\$a9789875748064
=035  \\$a(AR-BaFGC)0-182561/2
=040  \\$aAR-BaFGC$beng$cAR-BaFGC$dDLC$dUk$erda
=042  \\$aukblderived
=043  \\$as-ag---
=050  00$aGV439$b.M715 2016
=245  00$aMujeres en movimiento :$bdeporte, cultura física y feminidades : Argentina, 1870-1980 /$cPablo Scharagrodsky.
=264  \1$aBuenos Aires, Argentina :$bPrometeo Libros,$c[2016]
=300  \\$a354 pages :$billustrations ;$c23 cm.
=336  \\$atext$2rdacontent
=337  \\$aunmediated$2rdamedia
=338  \\$avolume$2rdacarrier
=490  0\$aColección Cultura física y sociedad
=504  \\$aIncludes bibliographical references.
=650  \0$aPhysical educacion for women$xSocial aspects$zArgentina$xHistory$y20th century.
=650  \0$aBody image in women$xSocial aspects$zArgentina$xHistory$y20th century.
=650  \0$aSports for women$xSocial aspects$zArgentina$xHistory$y20th century.
=700  1\$aScharagrodsky, Pablo,$eeditor.
=700  12$iContainer of (eork):$aReggiani, Andrés Horacio.$tCirculación, difusión y apropiación de saberes y prácticas corporales.
=852  41$aBritish Library$bHMNTS$jYF.2018.a.10206
=856  41$uhttp://core.cambeiro.com.ar/0-182561-2.pdf
=856  41$3Table of contents only$uhttp://www.loc.gov/catdir/toc/gc01/9789875748064.pdf
=CAT  \\$a6503$b40$c20180105$lBLL01$h0907
=CAT  \\$a11002$b40$c20180616$lBLL01$h0733
=CAT  \\$aBATCH-UPD$b40$c20221224$lBLL01$h1803
=FIN  \\$aY$d20180616
=FMT  \\$a  BK
=LAS  \\$aBATCH-UPD$b40$c20221224$lBLL01$h1803
=SRC  \\$aBLL02

