=LDR  01556 am a2200409 i 4500
=001  018670801
=003  Uk
=005  20180416091334.0
=008  160308s2015\\\\ag\\\\\\\b\\\\000\0\spa\d
=010  \\$a  2016365481
=020  \\$a9789873920127
=035  \\$a(AR-BaFGC)0-181501/0
=040  \\$aAR-BaFGC$beng$cAR-BaFGC$dDLC$dUk$erda
=042  \\$aukblderived
=043  \\$acl-----
=050  00$aHC125$b.D388 2015
=245  00$aDel no al Alca a Unasur :$bdiez años después de Mar del Plata /$ccoordinadores, Juan Manuel Karg y Agustín Lewit ; prólogo, Atilio Boron.
=264  \1$aBuenos Aires, Argentina :$bEdiciones del CCC, Centro Cultural de la Cooperación Floreal Gorini,$c[2015]
=300  \\$a362 pages ;$c23 cm
=336  \\$atext$2rdacontent
=337  \\$aunmediated$2rdamedia
=338  \\$avolume$2rdacarrier
=504  \\$aIncludes bibliographical references.
=610  20$aFree Trade Area of the Americas (Organization)
=650  \0$aAnti-imperialist movements$zLatin America.
=651  \0$aLatin America$xEconomic integration.
=700  1\$aKarg, Juan Manuel,$eeditor.
=700  1\$aLewit, Agustín,$d1983-2015,$eeditor.
=852  41$aBritish Library$bHMNTS$jYF.2018.a.6522
=856  41$3Table of contents only$uhttp://www.loc.gov/catdir/toc/gc01/9789873920127.pdf
=856  41$uhttp://core.cambeiro.com.ar/0-181501-0.pdf
=CAT  \\$a6503$b40$c20180105$lBLL01$h1026
=CAT  \\$a10904$b40$c20180416$lBLL01$h0913
=FIN  \\$aY$d20180416
=FMT  \\$a  BK
=LAS  \\$a10904$b40$c20180416$lBLL01$h0913
=SRC  \\$aBLL02

