=LDR  01658 am a2200409 i 4500
=001  018670833
=003  Uk
=005  20180302093104.0
=008  160922s2016\\\\ag\a\\\\\b\\\f000\0\spa\d
=010  \\$a  2016366592
=020  \\$a9789877021455
=035  \\$a(AR-BaFGC)0-183153/0
=040  \\$aAR-BaFGC$beng$cAR-BaFGC$dDLC$dUk$erda
=041  0\$aspa$aeng$apor
=042  \\$aukblderived
=050  00$aBL65.H8$b.R45 2016
=245  00$aReligión, ciencias sociales y humanidades /$cJuan Mauricio Renold, compilador.
=264  \1$aRosario, Santa Fe, República Argentina :$bUNR Editora, Editorial de la Universidad Nacional de Rosario, Secretaría de Extensión Universitaria,$c[2016]
=300  \\$a482 pages :$b1 illustration ;$c23 cm
=336  \\$atext$2rdacontent
=337  \\$aunmediated$2rdamedia
=338  \\$avolume$2rdacarrier
=504  \\$aIncludes bibliographical references.
=546  \\$aChiefly in Spanish with one text in English, another in Portuguese, both accompanied by translations into Spanish.
=650  \0$aReligion and the humanities.
=650  \0$aReligion and the social sciences.
=700  1\$aRenold, Juan Mauricio,$eeditor.
=700  12$iContainer of (work):$aRenold, Juan Mauricio.$tAntropología y religión.
=852  41$aBritish Library$bHMNTS$jYF.2018.a.3833
=856  41$3Table of contents only$uhttp://www.loc.gov/catdir/toc/gc01/9789877021455.pdf
=856  41$uhttp://core.cambeiro.com.ar/0-183153-0.pdf
=CAT  \\$a6503$b40$c20180105$lBLL01$h1045
=CAT  \\$a11002$b40$c20180302$lBLL01$h0931
=FIN  \\$aY$d20180302
=FMT  \\$a  BK
=LAS  \\$a11002$b40$c20180302$lBLL01$h0931
=SRC  \\$aBLL02

