=LDR  01587 am a2200433 i 4500
=001  018670871
=003  Uk
=005  20181101132224.0
=008  161020s2016\\\\ag\a\\\\\b\\\\000\0dspa\d
=010  \\$a  2016366648
=020  \\$a9789874583031
=035  \\$a(AR-BaFGC)0-178260/3
=040  \\$aAR-BaFGC$beng$cAR-BaFGC$dDLC$dUk$erda
=042  \\$aukblderived
=043  \\$as-ag---
=050  00$aF2849$b.P495 2016
=245  00$aPeronistas que estudian :$bde los libros de lectura a la lectura de la realidad /$cRoberto Baschetti [editor].
=264  \1$a[Argentina] :$bJironesdemivida,$c2016.
=300  \\$a254 pages :$billustrations (some color) ;$c26 cm.
=336  \\$atext$2rdacontent
=336  \\$astill image$2rdacontent
=337  \\$aunmediated$2rdamedia
=338  \\$avolume$2rdacarrier
=490  0\$aColección "No me olvides" ;$vlibro 3
=504  \\$aIncludes bibliographical references.
=650  \0$aPeronism$xHistory.
=650  \0$aPeronism$xHistory$vPictorial works.
=650  \0$aStudents$xPolitical activity$zArgentina$xHistory.
=650  \0$aStudents$xPolitical activity$zArgentina$xHistory$vPictorial works.
=700  1\$aBaschetti, Roberto,$eeditor.
=852  41$aBritish Library$bHMNTS$jYF.2018.b.1648
=856  41$uhttp://core.cambeiro.com.ar/0-178260-3.pdf
=856  41$3Table of contents only$uhttp://www.loc.gov/catdir/toc/gc01/9789874583031.pdf
=CAT  \\$a6503$b40$c20180105$lBLL01$h1104
=CAT  \\$a10904$b40$c20181101$lBLL01$h1322
=FIN  \\$aY$d20181101
=FMT  \\$a  BK
=LAS  \\$a10904$b40$c20181101$lBLL01$h1322
=SRC  \\$aBLL02

