=LDR  01633 am a2200421 i 4500
=001  018670922
=003  Uk
=005  20180912094257.0
=008  140717e201309\\ag\a\\\\\bq\\\000\0dspa\d
=010  \\$a  2014512206
=020  \\$a9789872883713
=035  \\$a(AR-BaFGC)0-174540/1
=040  \\$aAR-BaFGC$beng$cAR-BaFGC$dDLC$dUk$erda
=041  1\$aspa$hpor
=042  \\$aukblderived
=050  00$aPN1998.3.C68$bE38 2013
=245  00$aEduardo Coutinho :$bcine de conversación y antropología salvaje /$cGrupo Revbelando Imágenes, compilador ; textos: Alysson Felipe Amaral [and twelve others].
=250  \\$a1a edición.
=264  \1$a[Ciudad de Buenos Aires?] :$bNulú Bonsai Editora,$cseptiembre de 2013.
=300  \\$a188 pages :$billustrations ;$c20 cm.
=336  \\$atext$2rdacontent
=337  \\$aunmediated$2rdamedia
=338  \\$avolume$2rdacarrier
=490  0\$aColección Umbracle/cine. Serie Tierra en trance ;$v1
=504  \\$aIncludes bibliographical references (pages 177-181).
=504  \\$aFilmography: pages 171-176.
=600  10$aCoutinho, Eduardo,$d1933-2014$xCriticism and interpretation.
=710  2\$aGrupo Rev(b)elando Imágenes,$eeditor.
=852  41$aBritish Library$bHMNTS$jYF.2018.a.16114
=856  41$3Table of contents only$uhttp://www.loc.gov/catdir/toc/gc01/9789872883713.pdf
=856  41$uhttp://core.cambeiro.com.ar/0-174540-1.pdf
=CAT  \\$a6503$b40$c20180105$lBLL01$h1139
=CAT  \\$a10904$b40$c20180911$lBLL01$h1429
=CAT  \\$a5100$b40$c20180912$lBLL01$h0942
=FIN  \\$aY$d20180911
=FMT  \\$a  BK
=LAS  \\$a5100$b40$c20180912$lBLL01$h0942
=SRC  \\$aBLL02

