=LDR  01667 am a2200433 i 4500
=001  018670940
=003  Uk
=005  20180621131048.0
=008  170119s2016\\\\ag\a\\\\\b\\\\000\0\spa\d
=010  \\$a  2016366923
=020  \\$a9789873997020
=035  \\$a(AR-BaFGC)0-185273/0
=040  \\$aAR-BaFGC$beng$cAR-BaFGC$dDLC$dUk$erda
=042  \\$aukblderived
=043  \\$as-ag---
=050  00$aPQ7707.D48$bC75 2016
=245  00$aCrimen y pesquisa :$bel género policial en la Argentina (1870-2015) : literatura, cine, televisión, historieta y testimonio /$cRomán Setton, Gerardo Pignatiello (comps.).
=264  \1$a[Buenos Aires?] :$bTítulo,$c[2016]
=300  \\$a253 pages :$billustrations ;$c20 cm
=336  \\$atext$2rdacontent
=337  \\$aunmediated$2rdamedia
=338  \\$avolume$2rdacarrier
=504  \\$aIncludes bibliographical references.
=650  \0$aDetective and mystery stories, Argentine$xHistory and criticism.
=650  \0$aCrime films$zArgentina$xHistory and criticism.
=700  1\$aSetton, Román,$eeditor.
=700  1\$aPignatiello, Gerardo,$eeditor.
=700  12$iContainer of (work):$aCampodónico, Horacio,$d1961-$tVolúmenes proyectados.
=852  41$aBritish Library$bHMNTS$jYF.2018.a.10498
=856  41$3Table of contents only$uhttp://www.loc.gov/catdir/toc/gc01/9789873997020.pdf
=856  41$uhttp://core.cambeiro.com.ar/0-185273-0.pdf
=985  \\$eGC-FY17
=CAT  \\$a6503$b40$c20180105$lBLL01$h1148
=CAT  \\$a10904$b40$c20180621$lBLL01$h0746
=CAT  \\$a5100$b40$c20180621$lBLL01$h1310
=FIN  \\$aY$d20180621
=FMT  \\$a  BK
=LAS  \\$a5100$b40$c20180621$lBLL01$h1310
=SID  \\$aZ39$bLOC

