=LDR  02959 am a2200433 i 4500
=001  018692479
=003  Uk
=005  20180319075936.0
=008  151130s2015\\\\ag\\\\\\\b\\\\000\0\spa\d
=010  \\$a  2016365907
=020  \\$a9789876913638
=035  \\$a(AR-BaFGC)0-155719/69
=040  \\$aAR-BaFGC$beng$cAR-BaFGC$dDLC$dUk$erda
=042  \\$aukblderived
=043  \\$as------$as-ag---
=050  00$aP53.6128$b.P64 2015
=245  00$aPolítica lingüística y enseñanza de lenguas /$cElvira Narvaja de Arnoux y Roberto Bein (editores).
=264  \1$aBuenos Aires :$bEditorial Biblos,$c[2015]
=300  \\$a272 pages ;$c23 cm.
=336  \\$atext$2rdacontent
=337  \\$aunmediated$2rdamedia
=338  \\$avolume$2rdacarrier
=490  0\$aInvestigaciones y ensayos
=504  \\$aIncludes bibliographical references.
=505  0\$aHacia una historización de las políticas de enseñanza de lenguas / Elvira Narvaja de Arnoux y Roberto Bein -- Perspectivas, alcances y tensiones de la integración regional en la enseñanza de la historia en el Mercosur / Nicolás A. Chiavarino -- Los desafíos del plurilingüismo en el estado plurinacional de Bolivia / Gonzalo Blanco -- Alfabetización semiótica en las fronteras / Ana Camblong -- Las escuelas del Mercosur / Angelita Martínez -- La construcción del punto de vista desde una perspectiva variacionista / Adriana Speranza -- Representaciones del guaraní y del contacto español-guaraní en una escuela media para adultos en la ciudad de Buenos Aires / María Alejandra Vitale -- Políticas del lenguaje, integración regional y legislación / Claudia Gabriela Ardini y Luis Felipe Moyano -- Políticas lingüístico-educativas provinciales : el caso de la legislación educativa bonaerense vigente a partir de la Ley de Educación Nacional / Mariángeles Carbonetti -- Debatir, regular, estudiar : modos de intervención y posicionamientos glotopolíticos de la Academia Argentina de Letras (1931-1946) / Mara Glozman -- El dispositivo normativo en la Nueva gramática básica de la lengua española / Elvira Narvaja de Arnoux.
=650  \0$aLanguage and languages$xStudy and teaching$xPolitical aspects$zSouth America.
=650  \0$aLanguage and languages$xStudy and teaching$xPolitical aspects$zArgentina.
=700  1\$aArnoux, Elvira N. de$q(Elvira Narvaja de),$eeditor.
=700  1\$aBein, Roberto,$eeditor.
=700  12$aArnoux, Elvira N. de$q(Elvira Narvaja de).$tHacia una historización de las políticas de enseñanza de lenguas.
=852  41$aBritish Library$bHMNTS$jYF.2018.a.4730
=856  41$3Table of contents only$uhttp://www.loc.gov/catdir/toc/gc01/9789876913638.pdf
=856  41$uhttp://core.cambeiro.com.ar/0-155719-69.pdf
=CAT  \\$a11253$b40$c20180123$lBLL01$h1426
=CAT  \\$a11131$b40$c20180319$lBLL01$h0759
=FIN  \\$aY$d20180319
=FMT  \\$a  BK
=LAS  \\$a11131$b40$c20180319$lBLL01$h0759
=SRC  \\$aBLL02

