=LDR  02357cam a2200577 i 4500
=001  018692484
=003  Uk
=005  20230608110340.0
=008  150805s2014\\\\ag\a\\\\\b\\\f000\0\spa\d
=010  \\$a  2016365019
=020  \\$a9789871907779
=020  \\$a987190777X
=035  \\$a(AR-BaFGC)0-175664/4
=035  \\$a(OCoLC)946580095
=040  \\$aAR-BaFGC$beng$cDLC$dOCLCF$dOCLCQ$dGUA$dOCLCO$dGUA$dOCLCA$dOCLCO$erda
=042  \\$aukblcatcopy
=050  00$aHM886$b.M36 2014
=245  00$aMapas de la violencia :$bfilosofía, teoría literaria, arte y literatura /$cAna María Zubieta (compiladora) ; Myrian Bahntje [and fifteen others].
=264  \1$aBahía Blanca [Argentina] :$bEdiUNS,$c[2014]
=300  \\$a322 pages :$billustrations (some color) ;$c24 cm.
=336  \\$atext$btxt$2rdacontent
=337  \\$aunmediated$bn$2rdamedia
=338  \\$avolume$bnc$2rdacarrier
=490  1\$aSerie Extensión. Colección Estudios sociales y humanidades
=504  \\$aIncludes bibliographical references.
=650  \0$aViolence.
=650  \0$aViolence in popular culture.
=650  \0$aViolence in literature.
=650  \6$aViolence.
=650  \6$aViolence dans la culture populaire.
=650  \6$aViolence dans la littérature.
=650  \7$aviolence.$2aat
=650  \7$aViolence.$2fast$0(OCoLC)fst01167224
=650  \7$aViolence in literature.$2fast$0(OCoLC)fst01167282
=650  \7$aViolence in popular culture.$2fast$0(OCoLC)fst01167297
=700  1\$aZubieta, Ana María,$eeditor.
=700  12$iContainer of (work)$aTurpaud Barnes, Helen.$tTravestis de un friso arcaico en la modernidad de Apolo marmóreo.
=830  \0$aSerie Extensión.$pColección Estudios sociales y humanidades.
=852  41$aBritish Library$bHMNTS$jYF.2023.a.13353
=856  41$3Table of contents only$uhttp://www.loc.gov/catdir/toc/gc01/9789871907779.pdf
=856  41$uhttp://core.cambeiro.com.ar/0-175664-4.pdf
=856  41$3Table of contents$uhttp://catdir.loc.gov/catdir/toc/gc01/9789871907779.pdf
=856  41$uhttp://core.cambeiro.com.ar/0-175664-4.pdf
=CAT  \\$a11253$b40$c20180123$lBLL01$h1428
=CAT  \\$a11002$b40$c20190523$lBLL01$h1000
=CAT  \\$a15066$b40$c20230608$lBLL01$h1103
=FIN  \\$aY$d20230608
=FMT  \\$a  BK
=LAS  \\$a15066$b40$c20230608$lBLL01$h1103
=SID  \\$aZ39$bOCLC
=SRC  \\$aBLL02

