=LDR  01783 am a2200445 i 4500
=001  019102323
=003  Uk
=005  20190128143838.0
=008  170713s2017\\\\ag\a\\\\\b\\\\000\0\spa\d
=010  \\$a  2017371752
=020  \\$a9789873864568
=035  \\$a(AR-BaFGC)0-161489/7
=035  \\$a(OCoLC) 993648652
=040  \\$aAR-BaFGC$beng$cAR-BaFGC$dDLC$dUk$erda
=042  \\$aukblderived
=043  \\$as-ag---
=050  00$aJL2031$b.B87 2017
=245  00$aBurocracias estatales :$bproblemas, enfoques y estudios de caso en la Argentina (entre fines del siglo XIX y XX) /$cMaría Silvia Di Liscia y Germán Soprano, editores.
=264  \1$aRosario, Argentina :$bProhistoria Ediciones ;$a[Santa Rosa, Argentina] :$bEDUNLPam,$c2017.
=300  \\$a221 pages :$billustrations ;$c23 cm.
=336  \\$atext$2rdacontent
=337  \\$aunmediated$2rdamedia
=338  \\$avolume$2rdacarrier
=490  0\$aColección Estudios y problemas ;$v7
=504  \\$aIncludes bibliographical references.
=650  \0$aBureaucracy$zArgentina$xHistory$y20th century.
=651  \0$aArgentina$xPolitics and government$y20th century.
=651  \0$aArgentina$xOfficials and employees$xHistory$y20th century.
=700  1\$aDi Liscia, María Silvia,$eeditor.
=700  1\$aSoprano, Germán,$eeditor.
=700  12$iContainer of (work):$aCornelis, Stella Maris.$tAdministrar La Pampa.
=852  41$aBritish Library$bHMNTS$jYF.2019.a.2190
=856  41$3Table of contents only$uhttp://www.loc.gov/catdir/toc/gc01/9789873864568.pdf
=856  41$uhttp://core.cambeiro.com.ar/0-161489-7.pdf
=CAT  \\$a9518$b40$c20181030$lBLL01$h1629
=CAT  \\$a10904$b40$c20190128$lBLL01$h1438
=FIN  \\$aY$d20190128
=FMT  \\$a  BK
=LAS  \\$a10904$b40$c20190128$lBLL01$h1438
=SRC  \\$aBLL02

