=LDR  01648 am a2200433 i 4500
=001  019109225
=003  Uk
=005  20191019081510.0
=008  170313s2016\\\\ag\\\\\\\b\\\\000\0\spa\d
=010  \\$a  2017371055
=020  \\$a9789872415051
=035  \\$a(AR-BaFGC)0-171822/4
=035  \\$a(OCoLC) 982305788
=040  \\$aAR-BaFGC$beng$cAR-BaFGC$dDLC$dUk$erda
=042  \\$aukblderived
=043  \\$acl-----
=050  00$aPQ7081$b.C7386 2016
=245  00$aCuerpos, territorios y biopolíticas en la literatura latinoamericana /$cAndrea Ostrov, coordinadora.
=264  \1$aBuenos Aires, República Argentina :$bNJ Editor,$c[2016]
=300  \\$a275 pages ;$c22 cm.
=336  \\$atext$2rdacontent
=337  \\$aunmediated$2rdamedia
=338  \\$avolume$2rdacarrier
=490  0\$aColección Asomarte
=504  \\$aIncludes bibliographical references.
=650  \0$aLatin American literature$y20th century$xHistory and criticism.
=650  \0$aHuman body in literature.
=650  \0$aSpace in literature.
=700  1\$aOstrov, Andrea,$eeditor.
=700  12$iContainer of (work) :$aGalettini, Azucena,$d1981-$tPrecariedad de lo humano y la imposibilidad de construir territorios en El país de la canela, de William Ospina.
=852  41$aBritish Library$bHMNTS$jYF.2019.a.22226
=856  41$uhttp://core.cambeiro.com.ar/0-171822-4.pdf
=856  41$3Table of contents only$uhttp://www.loc.gov/catdir/toc/gc01/9789872415051.pdf
=CAT  \\$a6503$b40$c20181102$lBLL01$h0900
=CAT  \\$a11002$b40$c20191019$lBLL01$h0815
=FIN  \\$aY$d20191019
=FMT  \\$a  BK
=LAS  \\$a11002$b40$c20191019$lBLL01$h0815
=SRC  \\$aBLL02

