=LDR  01891 am a2200481 i 4500
=001  019109444
=003  Uk
=005  20200130084636.0
=008  170705e201510\\ag\a\\\\rb\\\\000\0\spa\d
=010  \\$a  2017371698
=020  \\$z9789877221251 (e-book)
=035  \\$a(AR-BaFGC)0-188167/6
=035  \\$a(OCoLC) 993101876
=040  \\$aAR-BaFGC$beng$cAR-BaFGC$dDLC$dUk$erda$epn
=042  \\$aukblderived
=043  \\$as-bo---
=050  00$aF3310$b.A74 2015
=245  00$aAntología del pensamiento crítico boliviano contemporáneo /$ccoordinadoras, Silvia Rivera Cusicanqui y Virginia Aillón Soria ; Gunnar Mendoza Loza [and twenty-two others].
=250  \\$aPrimera edición.
=264  \1$aBuenos Aires :$bCLACSO,$coctubre de 2015.
=300  \\$a427 pages :$billustrations ;$c23 cm.
=336  \\$atext$2rdacontent
=337  \\$aunmediated$2rdamedia
=338  \\$avolume$2rdacarrier
=490  0\$aColección Antologías del pensamiento social latinoamericano y caribeño
=504  \\$aIncludes bibliographical references.
=650  \0$aIndians of South America$zBolivia.
=651  \0$aBolivia$xCivilization.
=700  1\$aRivera Cusicanqui, Silvia,$eeditor.
=700  1\$aAillón, Virginia,$eeditor.
=700  12$iContainer of (work):$aLehm A., Zulema$q(Lehm Ardaya)$tMovimiento de búsqueda de la Loma Santa.
=852  41$aBritish Library$bHMNTS$jYF.2020.a.2207
=856  41$3Table of contents only$uhttp://www.loc.gov/catdir/toc/gc01/9789877221251.pdf
=856  41$uhttp://core.cambeiro.com.ar/0-188167-6.pdf
=CAT  \\$a6503$b40$c20181102$lBLL01$h1429
=CAT  \\$a15184$b40$c20200129$lBLL01$h1205
=CAT  \\$a15184$b40$c20200129$lBLL01$h1207
=CAT  \\$a15184$b40$c20200129$lBLL01$h1208
=CAT  \\$a10904$b40$c20200130$lBLL01$h0846
=FIN  \\$aY$d20200129
=FMT  \\$a  BK
=LAS  \\$a10904$b40$c20200130$lBLL01$h0846
=SRC  \\$aBLL02

