=LDR  01636cam a2200421 i 4500
=001  019182168
=003  Uk
=005  20190502105652.0
=008  170829s2017\\\\ag\a\\\\\\\\\\000\0dspa\d
=010  \\$a  2017372134
=020  \\$a9789870296119
=035  \\$a(AR-BaFGC)0-187785/0
=040  \\$aAR-BaFGC$beng$cAR-BaFGC$dDLC$dUk$erda
=042  \\$aukblderived
=043  \\$alsfk---$as-ag---$ae-uk---
=050  00$aF3031.5$b.A136 2017
=245  00$a35 años después :$brecuerdos de doce veteranos de Malvinas : la desmalvinización y el olvido, la lucha en las calles, la inserción en PAMi y el orgullo de haber defendido la Patria /$cRoberto Piccardi (coordinador).
=246  3\$aTreinta años después
=264  \1$aBuenos Aires :$bEditorial Dunken,$c2017.
=300  \\$a236 pages :$billustrations ;$c23 cm
=336  \\$atext$2rdacontent
=337  \\$aunmediated$2rdamedia
=338  \\$avolume$2rdacarrier
=650  \0$aFalkland Islands War, 1982$xVeterans$zArgentina.
=650  \0$aFalkland Islands War, 1982$vPersonal narratives, Argentine.
=700  1\$aPiccardi, Roberto,$eeditor.
=852  41$aBritish Library$bHMNTS$jYF.2019.a.8481
=856  41$uhttp://core.cambeiro.com.ar/0-187785-0.pdf
=856  41$3Table of contents only$uhttp://www.loc.gov/catdir/toc/gc01/9789870296119.pdf
=985  \\$eGC-FY17
=CAT  \\$a9518$b40$c20181214$lBLL01$h1456
=CAT  \\$a10904$b40$c20190501$lBLL01$h1353
=CAT  \\$a10804$b40$c20190502$lBLL01$h1056
=CAT  \\$aW2308-1659$c20230923$lBLL01$h1000
=FIN  \\$aY$d20190501
=FMT  \\$a  BK
=LAS  \\$aW2308-1659$b00$c20230923$lBLL01$h1000
=SID  \\$aZ39$bLOC

