=LDR  01521 am a2200409 i 4500
=001  019185903
=003  Uk
=005  20200130130448.0
=008  160429s2014\\\\ag\a\\\\\b\\\s000\0\spa\d
=010  \\$a  2016365849
=020  \\$a9789872969479
=035  \\$a(AR-BaFGC)0-175056/0
=040  \\$aAR-BaFGC$beng$cAR-BaFGC$dDLC$dUk$erda
=042  \\$aukblderived
=043  \\$as-ag---$as-cl---
=050  00$aF2986$b.C39 2014
=245  00$aCazadores de mar y tierra :$bestudios recientes en arqueología fueguina /$cJimena Oría y Angélica M. Tivoli (editoras).
=264  \1$a[Ushuaia, Argentina] :$bEditora Cultural Tierra del Fuego,$c[2014]
=300  \\$a433 pages :$billustrations ;$c24 cm
=336  \\$atext$2rdacontent
=337  \\$aunmediated$2rdamedia
=338  \\$avolume$2rdacarrier
=504  \\$aIncludes bibliographical references.
=651  \0$aTierra del Fuego (Argentina and Chile)$xAntiquities.
=700  1\$aOría, Jimena,$d1976-$eeditor.
=700  1\$aTivoli, Angélica M.,$d1976-$eeditor.
=852  41$aBritish Library$bHMNTS$jYF.2020.a.2211
=856  41$3Table of contents only$uhttp://www.loc.gov/catdir/toc/gc01/9789872969479.pdf
=856  41$uhttp://core.cambeiro.com.ar/0-175056-0.pdf
=CAT  \\$a9518$b40$c20181218$lBLL01$h1452
=CAT  \\$a15184$b40$c20200129$lBLL01$h1149
=CAT  \\$a10904$b40$c20200130$lBLL01$h0855
=CAT  \\$a10804$b40$c20200130$lBLL01$h1304
=FIN  \\$aY$d20200129
=FMT  \\$a  BK
=LAS  \\$a10804$b40$c20200130$lBLL01$h1304
=SID  \\$aZ39$bLOC

