=LDR  02948 am a2200445 i 4500
=001  019188589
=003  Uk
=005  20190614092257.0
=008  170607s2016\\\\ag\\\\\\\b\\\\000\0\spa\d
=010  \\$a  2017371417
=020  \\$a9789870295259
=035  \\$a(AR-BaFGC)0-186542/0
=035  \\$a(OCoLC) 989713539
=040  \\$aAR-BaFGC$beng$cAR-BaFGC$dDLC$dUk$erda
=042  \\$aukblderived
=043  \\$an-us---
=050  00$aPC4434$b.R65 2016
=245  00$aRoles situacionales, interculturalidad y multiculturalidad en encuentros en español /$cDomnita Dumitrescu, Diana Bravo [editors].
=264  \1$a[Stokholm, Sweden?] :$bEDICE ;$aBuenos Aires :$bEditorial Dunken,$c2016.
=300  \\$a211 pages ;$c23 cm
=336  \\$atext$2rdacontent
=337  \\$aunmediated$2rdamedia
=338  \\$avolume$2rdacarrier
=504  \\$aIncludes bibliographical references.
=505  0\$aLa alternancia de lenguas en los diálogos de East Los High : una forma de reperesentación mediática con función afiliativa de la latinidad / Patricia Giménez-Eguibar y Susan de los Heros -- "Pregúntele si él lo duda también de eso" : la deconstrucción de la imagen descortés dle juez ante la ausencia de ironía y sarcasmo mediado en la corte de inmigración de los Estados Unidos / Marjorie Zambarno-Paff -- Variación pragmática en las quejas de estadounidenses y peruanos : estudio contrastivo del comportamiento sociopragmático y grado de directividad del acto (directo e indirecto) / Susan Salazar-Kleiner -- Aplicaciones de la pragmática sociocultural : actividades de imagen y expresiones de subjetividad en una entrevista de la BBC de Londres al presidente de Ecuador, Rafael Correa / Diana Bravo -- Actividades de imagen respecto al tema de la corrupción en una interacción entre Iglesias (Podemnos) y Villalobos (PP) / María Bernal -- (Des)cortesía, Imagen social e identidad como categorías sociopragmáticas en el discurso público / Catlian Fuentes-Rodríguez -- Modalidad y direccionalidad del efecto social en la interacción hablada : unaiidscusión e ilustración de actividades de imagen en la interacción méedico-paciente / Nieves Hernández-Flores.
=650  \0$aSpanish language$xDiscourse analysis.
=650  \0$aDiscourse analysis$xSocial aspects.
=650  \0$aSpanish language$zUnited States.
=700  1\$aDumitrescu, Domnița,$eeditor.
=700  1\$aBravo, Diana,$eeditor.
=700  12$iContainer of (work):$aBravo, Diana.$tAplicaciones de la Pragmática Sociocultural.
=852  41$aBritish Library$bHMNTS$jYF.2019.a.12018
=856  41$3Table of contents only$uhttp://www.loc.gov/catdir/toc/gc01/9789870295259.pdf
=856  41$uhttp://core.cambeiro.com.ar/0-186542-0.pdf
=CAT  \\$a10904$b40$c20181220$lBLL01$h1330
=CAT  \\$a11002$b40$c20190614$lBLL01$h0922
=FIN  \\$aY$d20190614
=FMT  \\$a  BK
=LAS  \\$a11002$b40$c20190614$lBLL01$h0922
=SRC  \\$aBLL02

