=LDR  01820 am a2200469 i 4500
=001  019206314
=003  Uk
=005  20190214144422.0
=008  180718s2018\\\\ag\\\\\\\b\\\\001\0\spa\d
=010  \\$a  2017504241
=020  \\$a9789507932953
=035  \\$a(AR-BaFGC)0-91679/103
=035  \\$a(OCoLC) 1045641258
=040  \\$aAR-BaFGC$beng$cAR-BaFGC$dDLC$dUk$erda
=042  \\$aukblderived
=043  \\$acl-----
=050  00$aHD6530.5$b.T73 2018
=245  00$aTrabajadores y sindicatos en Latinoamérica :$bconceptos, problemas y escalas de análisis /$cSilvia Simonassi y Daniel Dicósimo, compiladores.
=264  \1$a[Buenos Aires] :$bEdiciones Imago Mundi,$c[2018]
=300  \\$aXVI, 301 pages ;$c22 cm.
=336  \\$atext$2rdacontent
=337  \\$aunmediated$2rdamedia
=338  \\$avolume$2rdacarrier
=490  0\$aColección Bitácora argentina
=504  \\$aIncludes bibliographical references (pages 263-301).
=650  \0$aLabor unions$zLatin America$xHistory.
=650  \0$aWorking class$zLatin America$xHistory.
=650  \0$aLabor unions$xPolitical activity$zLatin America.
=650  \0$aWorking class$xPolitical activity$zLatin America.
=650  \0$aStrikes and lockouts$zLatin America$xHistory.
=700  1\$aSimonassi, Silvia,$eeditor.
=700  1\$aDicósimo, Daniel,$eeditor.
=700  12$iContainer of (work):$aSimonassi, Silvia.$tPegar un chiflido y juntar gente.
=852  41$aBritish Library$bHMNTS$jYF.2019.a.3090
=856  41$uhttp://core.cambeiro.com.ar/0-91679-103.pdf
=856  41$3Table of contents only$uhttp://www.loc.gov/catdir/toc/gc01/9789507932953.pdf
=CAT  \\$a6503$b40$c20190111$lBLL01$h1124
=CAT  \\$a11002$b40$c20190214$lBLL01$h1444
=FIN  \\$aY$d20190214
=FMT  \\$a  BK
=LAS  \\$a11002$b40$c20190214$lBLL01$h1444
=SRC  \\$aBLL02

