=LDR  01837 am a2200481 i 4500
=001  019220093
=003  Uk
=005  20190328111258.0
=008  170713s2017\\\\ag\\\\\\\b\\\\000\0\spa\d
=010  \\$a  2017371725
=020  \\$a9789875918467
=035  \\$a(AR-BaFGC)0-188281/1
=035  \\$a(OCoLC) 993634589
=040  \\$aAR-BaFGC$beng$cAR-BaFGC$dDLC$dUk$erda
=042  \\$aukblcatcopy
=043  \\$acl-----$ae-sp---$ae-por--
=050  00$aBX1739$b.I575 2017
=245  00$aInquisiciones :$bdimensiones comparadas (siglos XVI-XIX) /$cJaqueline Vassallo, Miguel Rodrigues Lourenço, Susana Bastos Mateus (coordinadores).
=250  \\$a1o edición.
=264  \1$aCórdoba, Argentina :$bEditorial Brujas,$c[2017]
=300  \\$a292 pages ;$c23 cm.
=336  \\$atext$2rdacontent
=337  \\$aunmediated$2rdamedia
=338  \\$avolume$2rdacarrier
=490  0\$aEl mundo de ayer
=504  \\$aIncludes bibliographical references.
=650  \0$aInquisition$zLatin America$xHistory.
=650  \0$aInquisition$zSpain$xHistory.
=650  \0$aInquisition$zPortugal$xHistory.
=650  \0$aInquisition$xHistoriography.
=700  1\$aVassallo, Jaqueline,$eeditor.
=700  1\$aLourenço, Miguel Rodrigues,$eeditor.
=700  1\$aMateus, Susana Bastos,$eeditor.
=700  12$iContainer of (work):$aLara Cisneros, Gerardo.$tIndios, el Santo Oficio de la Inquisición y el Provisorato de Indios en Nueva España.
=852  41$aBritish Library$bHMNTS$jYF.2019.a.6330
=856  41$uhttp://core.cambeiro.com.ar/0-188281-1.pdf
=856  41$3Table of contents only$uhttp://www.loc.gov/catdir/toc/gc01/9789875918467.pdf
=CAT  \\$a9518$b40$c20190122$lBLL01$h1642
=CAT  \\$a11002$b40$c20190328$lBLL01$h1112
=FIN  \\$aY$d20190328
=FMT  \\$a  BK
=LAS  \\$a11002$b40$c20190328$lBLL01$h1112
=SRC  \\$aBLL02

