=LDR  01861 am a2200457 i 4500
=001  019418170
=003  Uk
=005  20190727071403.0
=008  171204e201707\\ag\\\\\\\b\\\f100\0\spa\d
=010  \\$a  2017372170
=020  \\$a9789874151117
=035  \\$a(AR-BaFGC)0-184071/2
=035  \\$a(OCoLC) 1014296139
=040  \\$aAR-BaFGC$beng$cAR-BaFGC$dDLC$dUk$erda
=042  \\$aukblderived
=043  \\$acl-----
=050  00$aPQ7081.A1$bL356 2016
=110  2\$aLatin American Studies Association.$bInternational Congress$n(34th :$d2016 :$cNew York, N.Y.)$eauthor.
=245  10$aEpisodios críticos de la modernidad latinoamericana /$cedición a cargo de Valentín Díaz.
=250  \\$aPrimera edición.
=264  \1$aSáenz Peña, Provincia de Buenos Aires [Argentina] :$bEDUNTREF, Editorial de la Universidad Nacional de Tres de Febrero,$cjulio de 2017.
=300  \\$a130 pages ;$c23 cm.
=336  \\$atext$2rdacontent
=337  \\$aunmediated$2rdamedia
=338  \\$avolume$2rdacarrier
=490  0\$aColección Literatura y margen
=504  \\$aIncludes bibliographical references.
=650  \0$aLatin American literature$y20th century$xHistory and criticism$vCongresses.
=650  \0$aModernism (Literature)$zLatin America$vCongresses.
=650  \0$aBaroque literature$xHistory and criticism$vCongresses.
=700  1\$aDíaz, Valentín$c(Literature professor),$eeditor.
=852  41$aBritish Library$bHMNTS$jYF.2019.a.15214
=856  41$uhttp://core.cambeiro.com.ar/0-184071-2.pdf
=856  41$3Table of contents only$uhttp://www.loc.gov/catdir/toc/gc01/9789874151117.pdf
=CAT  \\$a9518$b40$c20190528$lBLL01$h1703
=CAT  \\$aBATCH-UPD$b40$c20190528$lBLL01$h1704
=CAT  \\$a11002$b40$c20190727$lBLL01$h0714
=FIN  \\$aY$d20190727
=FMT  \\$a  BK
=LAS  \\$a11002$b40$c20190727$lBLL01$h0714
=SRC  \\$aBLL02

