=LDR  01757 am a22004457a 4500
=001  016241004
=003  Uk
=005  20150416133958.0
=008  130718s2012\\\\ag\a\\\\\b\\\\100\0\spa\d
=010  \\$a  2012516346
=020  \\$a9789872685539
=035  \\$a(AR-BaFGC)0-166018/0
=040  \\$aAR-BaFGC$cAR-BaFGC$dDLC$dUk
=042  \\$aukblderived
=043  \\$acl-----
=050  00$aGN44.L29$bC65 2010
=111  2\$aColoquio Binacional Argentino-Peruano$n(5th :$d2010 :$cBuenos Aires, Argentina)
=245  10$aInterculturalidad y ciencias :$bexperiencias desde América Latina /$cMaría Teresita de Haro ... [et al.], editores.
=250  \\$a1. ed.
=260  \\$aCiudad Autónoma de Buenos Aires :$bCentro de Investigaciones Precolombinas, Instituto Superior del Profesorado Dr. Joaquín V. González,$c2012.
=300  \\$a293 p. :$bill. ;$c24 cm.
=336  \\$atext$2rdacontent
=337  \\$aunmediated$2rdamedia
=338  \\$avolume$2rdacarrier
=504  \\$aIncludes bibliographical references.
=650  \0$aAnthropology$xResearch$zLatin America$vCongresses.
=650  \0$aIndians of South America$vCongresses.
=650  \0$aCultural property$xProtection$zLatin America$vCongresses.
=700  1\$aHaro, María Teresita de.
=852  41$aBritish Library$bHMNTS$jYF.2015.a.7687
=856  41$3Table of contents only$uhttp://www.loc.gov/catdir/toc/gc01/9789872685539.pdf
=856  41$uhttp://core.cambeiro.com.ar/0-166018-0.pdf
=CAT  \\$a9518$b40$c20130104$lBLL01$h1152
=CAT  \\$aBATCH-UPD$b40$c20130509$lBLL01$h2144
=CAT  \\$a11002$b40$c20150416$lBLL01$h1339
=CAT  \\$aWR14_128$c20160226$lBLL01$h1626
=FIN  \\$aY$d20150416
=FMT  \\$a  BK
=LAS  \\$aWR14_128$b00$c20160226$lBLL01$h1626
=SRC  \\$aBLL02

