=LDR  01619 am a2200433 a 4500
=001  016241022
=003  Uk
=005  20150702114551.0
=008  121018s2011\\\\ag\\\\\\\b\\\f000\0\spa\d
=010  \\$a  2012519357
=020  \\$a9789876042628
=035  \\$a(AR-BaFGC)0-164520/2
=040  \\$aAR-BaFGC$cAR-BaFGC$dDLC$dUk
=042  \\$aukblderived
=043  \\$as-ag---
=050  00$aHD8264$b.T73 2011
=245  00$aTrabajadores y trabajadoras en la Argentina :$baportes para una historia social /$c[Enrique Masés, comp. ; Barrancos Dora ... et al.].
=260  \\$aNeuquén [Argentina] :$bEditorial de la Universidad Nacional del Comahue,$c2011.
=300  \\$a303 p. ;$c24 cm.
=336  \\$atext$2rdacontent
=337  \\$aunmediated$2rdamedia
=338  \\$avolume$2rdacarrier
=490  0\$aColección GEHiSo
=500  \\$aAt head of title: Universidad Nacional del Comahue.
=504  \\$aIncludes bibliographical references.
=650  \0$aBlue collar workers$zArgentina$xSocial conditions$y20th century.
=651  \0$aArgentina$xSocial conditions$y20th century.
=700  1\$aMases, Enrique.
=852  41$aBritish Library$bHMNTS$jYF.2015.a.12754
=856  41$3Table of contents only$uhttp://www.loc.gov/catdir/toc/gc01/9789876042628.pdf
=856  41$uhttp://core.cambeiro.com.ar/0-164520-2.pdf
=CAT  \\$a9518$b40$c20130104$lBLL01$h1207
=CAT  \\$a10904$b40$c20150702$lBLL01$h1145
=CAT  \\$aWR14_128$c20160226$lBLL01$h1626
=CAT  \\$aBATCH-UPD$b00$c20170406$lBLL01$h2028
=FIN  \\$aY$d20150702
=FMT  \\$a  BK
=LAS  \\$aBATCH-UPD$b00$c20170406$lBLL01$h2028
=SRC  \\$aBLL02

