=LDR  01616 am a2200445 a 4500
=001  016415622
=003  Uk
=005  20150707085110.0
=008  110905s2011\\\\ag\ab\\\\b\\\f000\0\spa\d
=010  \\$a  2011438508
=020  \\$a9789875582149
=035  \\$a(AR-BaFGC)0-163385/1
=040  \\$aAR-BaFGC$cAR-BaFGC$dDLC$dUk
=042  \\$aukblcatcopy
=043  \\$as-ag---
=050  00$aTP248.195.A7$bB55 2011
=245  00$aBiotecnología en la Argentina :$bdesarrollo y usos sociales /$cAlberto Díaz, Paulo Maffia, compiladores.
=260  \\$aBernal :$bUniversidad Nacional de Quilmes Editorial,$c2011.
=300  \\$a190 pages :$billustrations, map ;$c23 cm.
=336  \\$atext$2rdacontent
=337  \\$aunmediated$2rdamedia
=338  \\$avolume$2rdacarrier
=490  0\$aColección Nuevos enfoques en ciencia y tecnología
=504  \\$aIncludes bibliographical references.
=650  \0$aBiotechnology$zArgentina.
=650  \0$aBiotechnology$xSocial aspects$zArgentina.
=650  \0$aBiotechnology$xEconomic aspects$zArgentina.
=700  1\$aDíaz, Alberto.
=700  1\$aMaffia, Paulo.
=852  41$aBritish Library$bHMNTS$jYF.2015.a.12960
=856  41$3Table of contents only$uhttp://www.loc.gov/catdir/toc/gc01/9789875582149.pdf
=856  41$uhttp://core.cambeiro.com.ar/0-163385-1.pdf
=CAT  \\$a6503$b40$c20130521$lBLL01$h1113
=CAT  \\$a5703$b40$c20150707$lBLL01$h0851
=CAT  \\$aWR14_128$c20160226$lBLL01$h1627
=CAT  \\$aBATCH-UPD$b00$c20170120$lBLL01$h2034
=FIN  \\$aY$d20150707
=FMT  \\$a  BK
=LAS  \\$aBATCH-UPD$b00$c20170120$lBLL01$h2034
=SRC  \\$aBLL02

