=LDR  02417 am a2200541 a 4500
=001  016415638
=003  Uk
=005  20131030131752.0
=008  110905s2011\\\\ag\a\\\\\b\\\\100\0\spa\d
=010  \\$a  2011438478
=020  \\$a9789871238750
=035  \\$a(AR-BaFGC)0-163084/0
=040  \\$aAR-BaFGC$cAR-BaFGC$dDLC$dUk
=042  \\$aukblcatcopy
=043  \\$as------$as-ag---$as-bl---
=050  00$aHV6626.23.S63$bR48 2005
=082  00$a362.82/92098$223
=111  2\$aReunión de Antropología del MERCOSUR$n(6th :$d2005 :$cMontevideo, Uruguay)
=245  10$aAntropología, violencia y justicia :$brepensando matrices de la sociabilidad contemporánea en el campo del género y de la familia /$cTheophilos Rifiotis, Natalia Castelnuovo, compiladores.
=250  \\$a1. ed.
=260  \\$a[Argentina?] :$bEditorial Antropofagia,$c2011.
=300  \\$a208 pages :$billustrations ;$c23 cm
=336  \\$atext$2rdacontent
=337  \\$aunmediated$2rdamedia
=338  \\$avolume$2rdacarrier
=500  \\$a"Selección de trabajos presentados y discutidos en el marco de la IV [i.e. VI] Reunión de Antropología del Mercosur (RAM) realizada en Uruguay, en el 2005 y de la ... V [i.e. VII] Reunión de Porto Alegre, en el 2007"--P. 5.
=504  \\$aIncludes bibliographical references.
=650  \0$aFamily violence$zSouth America$vCongresses.
=650  \0$aFamily violence$zArgentina$vCongresses.
=650  \0$aFamily violence$zBrazil$vCongresses.
=650  \0$aWomen$xViolence against$zArgentina$vCongresses.
=650  \0$aWomen$xViolence against$zBrazil$vCongresses.
=650  \0$aCriminal justice, Administration of$zArgentina$vCongresses.
=650  \0$aCriminal justice, Administration of$zBrazil$vCongresses.
=690  7\$aSocial Welfare$2blcoll
=700  1\$aRifiotis, Theophilos.
=700  1\$aCastelnuovo Biraben, Natalia.
=711  2\$aReunión de Antropología del MERCOSUR$n(7th :$d2007 :$cPorto Alegre, Brazil)
=852  41$aBritish Library$bHMNTS$jYF.2013.a.21216
=856  41$3Table of contents only$uhttp://www.loc.gov/catdir/toc/gc01/9789871238750.pdf
=856  41$uhttp://core.cambeiro.com.ar/0-163084-0.pdf
=CAT  \\$a6503$b40$c20130521$lBLL01$h1124
=CAT  \\$a5703$b40$c20131030$lBLL01$h1317
=CAT  \\$aBATCH-SWP$c20131109$lBLL01$h0054
=FIN  \\$aY$d20131030
=FMT  \\$a  BK
=LAS  \\$aBATCH-SWP$b00$c20131109$lBLL01$h0054
=SRC  \\$aBLL02

