=LDR  01616 am a22004457a 4500
=001  016415672
=003  Uk
=005  20150706111651.0
=008  120614s2012\\\\ag\ab\\\\b\\\\000\0\spa\d
=010  \\$a  2012377896
=020  \\$a9789871543892
=035  \\$a(AR-BaFGC)0-84823/61
=040  \\$aAR-BaFGC$cAR-BaFGC$dDLC$dUk
=042  \\$aukblcatcopy
=043  \\$acl-----
=050  00$aHV9960.L29$bP747 2012
=245  03$aEl prisma de las seguridades en América Latina :$bescenarios regionales y locales /$cAlejo Vargas Velásquez, coordinador ; Pablo Emilio Angarita Cañas ... [et al.].
=250  \\$a1. ed.
=260  \\$aCiudad de Buenos Aires :$bCLACSO,$c2012.
=300  \\$a317 pages :$billustrations, map ;$c23 cm.
=336  \\$atext$2rdacontent
=337  \\$aunmediated$2rdamedia
=338  \\$avolume$2rdacarrier
=490  0\$aColección Grupos de trabajo
=504  \\$aIncludes bibliographical references.
=650  \0$aPublic safety$zLatin America.
=650  \0$aInternal security$zLatin America.
=650  \0$aSecurity, International$zLatin America.
=650  \0$aDemocracy$zLatin America.
=700  1\$aVargas Velásquez, Alejo.
=852  41$aBritish Library$bHMNTS$jYF.2015.a.12852
=856  41$3Table of contents only$uhttp://www.loc.gov/catdir/toc/gc01/9789871543892.pdf
=856  41$uhttp://core.cambeiro.com.ar/0-84823-61.pdf
=CAT  \\$a6503$b40$c20130521$lBLL01$h1204
=CAT  \\$a5703$b40$c20150706$lBLL01$h1116
=CAT  \\$aWR14_128$c20160226$lBLL01$h1627
=FIN  \\$aY$d20150706
=FMT  \\$a  BK
=LAS  \\$aWR14_128$b00$c20160226$lBLL01$h1627
=SRC  \\$aBLL02

