=LDR  02262 am a22005657a 4500
=001  016415810
=003  Uk
=005  20150714144840.0
=008  120606s2011\\\\ag\ab\\\\b\\\\000\0\spa\d
=010  \\$a  2012377572
=020  \\$a9789871304981
=020  \\$a9871304986
=035  \\$a(OCoLC)805394230
=040  \\$aAR-BaFGC$beng$cDLC$dN15$dCGU$dOCLCF$dUk
=042  \\$aukblderived
=043  \\$as-ag---
=050  00$aHD1863$b.B87 2011
=245  00$aBurocracia, tecnología y agro en espacios marginales /$cMartha Ruffini, Luis E. Blacha, compiladores.
=260  \\$aRosario [Argentina] :$bProhistoria Ediciones,$c2011.
=300  \\$a219 p. :$bill., maps ;$c23 cm.
=336  \\$atext$2rdacontent
=337  \\$aunmediated$2rdamedia
=338  \\$avolume$2rdacarrier
=490  1\$aColección Universidad ;$v8
=504  \\$aIncludes bibliographical references (p. [203]-216).
=648  \7$a1900 - 1999$2fast
=650  \0$aAgriculture and state$zArgentina$xHistory$y20th century.
=650  \0$aAgriculture$xEconomic aspects$zArgentina$xHistory$y20th century.
=650  \0$aRegional planning$zArgentina$xHistory$y20th century.
=650  \7$aAgriculture and state.$2fast$0(OCoLC)fst00801722
=650  \7$aAgriculture$xEconomic aspects.$2fast$0(OCoLC)fst00801415
=650  \7$aEconomic history$xRegional disparities.$2fast$0(OCoLC)fst01352853
=650  \7$aRegional planning.$2fast$0(OCoLC)fst01093120
=651  \0$aArgentina$xEconomic conditions$xRegional disparities.
=651  \7$aArgentina.$2fast$0(OCoLC)fst01205614
=655  \7$aHistory.$2fast$0(OCoLC)fst01411628
=700  1\$aRuffini, Martha.
=700  1\$aBlacha, Luis E.$q(Luis Ernesto).
=830  \0$aColección Universidad (Prohistoria Ediciones) ;$v8.
=852  41$aBritish Library$bHMNTS$jYF.2015.a.13650
=856  41$3Table of contents only$uhttp://catdir.loc.gov/catdir/toc/gc01/9789871304981.pdf
=856  41$uhttp://core.cambeiro.com.ar/0-162799-10.pdf
=CAT  \\$a6503$b40$c20130521$lBLL01$h1528
=CAT  \\$a11131$b40$c20150714$lBLL01$h1448
=CAT  \\$aWR14_128$c20160226$lBLL01$h1627
=CAT  \\$aBATCH-UPD$b00$c20201003$lBLL01$h0754
=FIN  \\$aY$d20150714
=FMT  \\$a  BK
=LAS  \\$aBATCH-UPD$b00$c20201003$lBLL01$h0754
=SID  \\$aZ39$bOCLC

