=LDR  02175 am a22005174a 4500
=001  016416930
=003  Uk
=005  20150707103841.0
=008  120702s2012\\\\ag\\\\\\\b\\\f100\0\spa\d
=010  \\$a  2012377686
=020  \\$a9789871172955
=035  \\$a(AR-BaFGC)0-166672/0
=040  \\$aAR-BaFGC$cAR-BaFGC$dDLC$dUk
=042  \\$aukblderived
=043  \\$as-ag---$as-bl---
=050  00$aHT1122$b.C38 2010
=110  2\$aCátedra UNESCO de Turismo Cultural (Argentina).$bSeminario Internacional$d(2010 :$cBuenos Aires, Argentina)
=245  10$aHuellas y legados de la esclavitud en las Américas /$cMarisa Pineau, editora ; Proyecto Unesco La Ruta del Esclavo ; Seminario Internacional de la Cátedra UNESCO de Turismo Cultural, UNTREF-AAMNBA, coordinado por Carmen María Ramos y Norberto Griffa.
=250  \\$a1. ed.
=260  \\$a[Caseros, Argentina] :$bEditorial de la Universidad Nacional de Tres de Febrero,$c2012.
=300  \\$a239 p. ;$c23 cm
=336  \\$atext$2rdacontent
=337  \\$aunmediated$2rdamedia
=338  \\$avolume$2rdacarrier
=504  \\$aIncludes bibliographical references.
=650  \0$aSlavery$zArgentina$xHistory$vCongresses.
=650  \0$aSlavery$zBrazil$xHistory$vCongresses.
=650  \0$aCollective memory$zArgentina$vCongresses.
=650  \0$aCollective memory$zBrazil$vCongresses.
=651  \0$aArgentina$xRace relations$vCongresses.
=651  \0$aBrazil$xRace relations$vCongresses.
=700  1\$aPineau, Marisa.
=710  2\$aUniversidad Nacional de Tres de Febrero.
=710  2\$aMuseo Nacional de Bellas Artes (Argentina).$bAsociación Amigos.
=710  2\$aUnesco.$bSlave Route (Project).
=852  41$aBritish Library$bHMNTS$jYF.2015.a.13006
=856  41$3Table of contents only$uhttp://www.loc.gov/catdir/toc/gc01/9789871172955.pdf
=856  41$uhttp://core.cambeiro.com.ar/0-166672-0.pdf
=CAT  \\$a6503$b40$c20130522$lBLL01$h1631
=CAT  \\$a10904$b40$c20150707$lBLL01$h1038
=CAT  \\$aBATCH-UPD$b40$c20150707$lBLL01$h1040
=CAT  \\$aWR14_128$c20160226$lBLL01$h1627
=FIN  \\$aY$d20150707
=FMT  \\$a  BK
=LAS  \\$aWR14_128$b00$c20160226$lBLL01$h1627
=SRC  \\$aBLL02

