=LDR  01663 am a2200421 i 4500
=001  017620054
=003  Uk
=005  20170407094803.0
=008  150223s2014\\\\ag\\\\\\\b\\\\000\0\spa\d
=010  \\$a  2014510530
=020  \\$a9789877350005
=035  \\$a(AR-BaFGC)0-176026/0
=040  \\$aAR-BaFGC$beng$cAR-BaFGC$dDLC$dUk$erda
=042  \\$aukblderived
=043  \\$as-ag---
=050  00$aF2849.3$b.A55 2014
=100  1\$aAnguita, Eduardo,$d1953-$eauthor,$einterviewer.
=245  13$aLa patria pensada :$bel último tramo del gobierno de Cristina /$cEduardo Anguita ; [interviewees] Juan Manuel Abal Medina, Juan Carr, Alberto Fernández, Horacio González, Gustavo Grobocopatel, Stella Maldonado, José Natanson, María O'Donnell, Felipe Pigna, Maristella Svampa.
=250  \\$aPrimera edición.
=264  \1$aCiudad de Buenos Aires :$bAguilar,$cnoviembre de 2014.
=300  \\$a323 pages ;$c23 cm
=336  \\$atext$2rdacontent
=337  \\$aunmediated$2rdamedia
=338  \\$avolume$2rdacarrier
=504  \\$aIncludes bibliographical references (pages 319-321).
=651  \0$aArgentina$xPolitics and government$y2002-
=651  \0$aArgentina$xEconomic policy.
=651  \0$aArgentina$vInterviews.
=700  12$aRovelli, Horacio.
=852  41$aBritish Library$bHMNTS$jYF.2017.a.9421
=856  41$3Table of contents only$uhttp://www.loc.gov/catdir/toc/gc01/9789877350005.pdf
=856  41$uhttp://core.cambeiro.com.ar/0-176026-0.pdf
=CAT  \\$a11253$b40$c20151118$lBLL01$h1314
=CAT  \\$a11131$b40$c20170407$lBLL01$h0948
=FIN  \\$aY$d20170407
=FMT  \\$a  BK
=LAS  \\$a11131$b40$c20170407$lBLL01$h0948
=SRC  \\$aBLL02

