=LDR  02998 am a2200469 i 4500
=001  017620058
=003  Uk
=005  20160405132111.0
=008  150410s2014\\\\ag\a\\\\\b\\\f000\0\spa\d
=010  \\$a  2014510698
=020  \\$a9789502323299
=035  \\$a(AR-BaFGC)0-82010/14
=040  \\$aAR-BaFGC$beng$cAR-BaFGC$dDLC$dUk$erda
=042  \\$aukblcatcopy
=043  \\$acl-----$as-ag---
=050  00$aHQ1236.5.A7$bR47 2014
=245  03$aLa representación imperfecta :$blogros y desafíos de las mujeres políticas /$cNélida Archenti, María Inés Tula (coordinadoras).
=264  \1$aCiudad de Buenos Aires :$bEudeba,$c[2014]
=300  \\$a270 pages :$billustrations ;$c24 cm.
=336  \\$atext$2rdacontent
=337  \\$aunmediated$2rdamedia
=338  \\$avolume$2rdacarrier
=490  0\$aTemas / política
=504  \\$aIncludes bibliographical references (pages 253-266).
=505  0\$aDe las cuotas a la paridad en América Latina / Nélida Archenti y María Inés Tula -- Las barreras que la cuota no superó / Niki Johnson -- Acoso y violencia política en razón de género / Laura Albaine -- Ojos que (aún) no ven : nuevo reporte de ocho países : género, campañas electorales y medios en América Latina / Beatriz Llanos -- Dos décadas de cuotas de género en Argentina / Adriana Piatti-Crocker -- Disparidad de género en las reelecciones : los ciclos electorales 2006 y 2010-2011 en el Perú / Gregory D. Schmidt -- Colombia al final de la ola / Florentina Cardozo García y Alexandra Quintero Benavides -- La Comisión "Banca de Mujer" en el Congreso de la Nación Argentina / María Fernanda Araujo y Tatiana Salem -- Desigualdades persistentes : una mirada a las carreras políticas subnacionales antes y después de las cuotas de género (Argentina, 1983-2011) / Mariana Caminotti, Santiago Rotman y Carlos Varetto -- Diez años sin cupo, diez años con cupo : ¿qué cambió con la cuota de género? : un análisis sobre la provincia de Misiones 1983-2003 / María Elena Martin -- Las mujeres en la política entrerriana / Elías Fernández y Paola Ruiz.
=650  \0$aWomen$xPolitical activity$zLatin America.
=650  \0$aWomen politicians$zLatin America.
=650  \0$aWomen$xPolitical activity$zArgentina.
=650  \0$aWomen politicians$zArgentina.
=700  1\$aArchenti, Nélida,$eeditor.
=700  1\$aTula, María Inés,$eeditor.
=700  12$iContainer of (work):$aSchmidt, Gregory D.,$d1952-$tDisparidad de género en las reelecciones.
=852  41$aBritish Library$bHMNTS$jYF.2016.a.8831
=856  41$uhttp://core.cambeiro.com.ar/0-82010-14.pdf
=856  41$3Table of contents only$uhttp://www.loc.gov/catdir/toc/gc01/9789502323299.pdf
=CAT  \\$a11253$b40$c20151118$lBLL01$h1322
=CAT  \\$a5703$b40$c20160405$lBLL01$h1321
=CAT  \\$aBATCH-UPD$b40$c20201212$lBLL01$h1726
=FIN  \\$aY$d20160405
=FMT  \\$a  BK
=LAS  \\$aBATCH-UPD$b40$c20201212$lBLL01$h1726
=SRC  \\$aBLL02

