=LDR  01567 am a2200433 i 4500
=001  017620096
=003  Uk
=005  20170523134721.0
=008  150114s2014\\\\ag\\\\\\\b\\\\010\0\spa\d
=010  \\$a  2014510436
=020  \\$a9789507931871
=035  \\$a(AR-BaFGC)0-91679/73
=040  \\$aAR-BaFGC$beng$cAR-BaFGC$dDLC$dUk$erda
=042  \\$aukblcatcopy
=043  \\$as-ag---
=050  00$aF2848$b.D47 2014
=245  00$aDesde la historia :$bhomenaje a Marta Bonaudo /$cMaría Sierra, Juan Pro y Diego Mauro, editores.
=264  \1$a[Buenos Aires] :$bImago Mundi,$c[2014]
=300  \\$aXXI, 361 pages ;$c22 cm.
=336  \\$atext$2rdacontent
=337  \\$aunmediated$2rdamedia
=338  \\$avolume$2rdacarrier
=490  0\$aColección Bitácora argentina
=504  \\$aIncludes bibliographical references.
=600  10$aBonaudo, Marta.
=651  \0$aArgentina$xHistory$y20th century.
=700  1\$aSierra, María,$eeditor.
=700  1\$aPro Ruiz, Juan,$eeditor.
=700  1\$aMauro, Diego A.$q(Diego Alejandro),$eeditor.
=700  12$iContainer of (work):$aPro Ruiz, Juan.$tCuestión de la reforma tributaria en Argentina y en España.
=852  41$aBritish Library$bHMNTS$jYF.2017.a.13680
=856  41$3Table of contents only$uhttp://www.loc.gov/catdir/toc/gc01/9789507931871.pdf
=856  41$uhttp://core.cambeiro.com.ar/0-91679-73.pdf
=CAT  \\$a11253$b40$c20151118$lBLL01$h1355
=CAT  \\$a5703$b40$c20170523$lBLL01$h1347
=FIN  \\$aY$d20170523
=FMT  \\$a  BK
=LAS  \\$a5703$b40$c20170523$lBLL01$h1347
=SRC  \\$aBLL02

