=LDR  02473 am a2200541 i 4500
=001  017620198
=003  Uk
=005  20170316115723.0
=008  150929s2015\\\\ag\a\\\\\b\\\\100\0\spa\d
=010  \\$a  2016365108
=020  \\$a9789873851025
=020  \\$a987385102X
=035  \\$a(OCoLC)946580282
=040  \\$aAR-BaFGC$beng$cDLC$dOCLCO$dOCLCF$dOCLCO$dOCLCQ$dUk$erda
=042  \\$aukblderived
=043  \\$as-ag---
=050  00$aCC97.A7$bC66 2013
=111  2\$aCongreso Argentino de Arqueometría$n(5th :$d2013 :$cRosario, Santa Fe, Argentina)
=245  10$aArqueometría argentina :$bmetodologías científicas aplicadas al estudio de los bienes culturales : datación, caracterización, prospección y conservación. /$cAdrián Pifferetti, Irene Dosztal, compiladores.
=250  \\$aPrimera edición.
=264  \1$aCiudad Autónoma de Buenos Aires :$bAspha,$c2015.
=300  \\$a296 pages :$billustrations ;$c24 cm
=336  \\$atext$btxt$2rdacontent
=337  \\$aunmediated$bn$2rdamedia
=338  \\$avolume$bnc$2rdacarrier
=504  \\$aIncludes bibliographical references.
=650  \0$aArchaeometry$zArgentina$vCongresses.
=650  \0$aArchaeology$zArgentina$xMethodology$vCongresses.
=650  \7$aAntiquities.$2fast$0(OCoLC)fst00810745
=650  \7$aArchaeology$xMethodology.$2fast$0(OCoLC)fst00812969
=650  \7$aArchaeometry.$2fast$0(OCoLC)fst00813017
=651  \0$aArgentina$xAntiquities$vCongresses.
=651  \7$aArgentina.$2fast$0(OCoLC)fst01205614
=655  \7$aConference papers and proceedings.$2fast$0(OCoLC)fst01423772
=700  1\$aPifferetti, Adrián,$eeditor.
=700  1\$aDosztal, Irene,$eeditor.
=710  2\$aUniversidad Tecnológica Nacional (Buenos Aires, Argentina).$bFacultad Regional Rosario.$bCentro de Matriales y Tecnologías,$esponsoring body.
=710  2\$aUniversidad Nacional de Rosario.$bCentro de Estudios de Arqueología Histórica,$esponsoring body.
=711  2\$aEncuentro Latinoamericano de Tecnologías Históricas$n1st :$d2013 :$cRosario, Santa Fe, Argentina)
=852  41$aBritish Library$bHMNTS$jYF.2017.a.7336
=856  41$3Table of contents$uhttp://catdir.loc.gov/catdir/toc/gc01/9789873851025.pdf
=856  41$uhttp://core.cambeiro.com.ar/0-174566-2.pdf
=CAT  \\$a6503$b40$c20151118$lBLL01$h1554
=CAT  \\$a11131$b40$c20170316$lBLL01$h1157
=FIN  \\$aY$d20170316
=FMT  \\$a  BK
=LAS  \\$a11131$b40$c20170316$lBLL01$h1157
=SID  \\$aZ39$bOCLC

