=LDR  01403 am a2200409 i 4500
=001  017620964
=003  Uk
=005  20160406095123.0
=008  150625s2015\\\\ag\\\\\\\b\\\\000\0dspa\d
=010  \\$a  2014512521
=020  \\$a9789876843058
=035  \\$a(AR-BaFGC)0-111769/5
=040  \\$aAR-BaFGC$beng$cAR-BaFGC$dDLC$dUk$erda
=042  \\$aukblderived
=043  \\$as-ag---
=050  00$aF2849.3$b.G35 2015
=100  1\$aGalasso, Norberto,$eauthor.
=245  10$aKirchnerismo (2003-2015) :$bel proyecto que transformó la Argentina /$cNorberto Galasso.
=264  \1$aBuenos Aires, Argentina :$bColihue,$c[2015]
=300  \\$a374 pages ;$c22 cm.
=336  \\$atext$2rdacontent
=337  \\$aunmediated$2rdamedia
=338  \\$avolume$2rdacarrier
=490  0\$aEncrucijadas
=504  \\$aIncludes bibliographical references (pages 371-374).
=600  10$aKirchner, Néstor.
=600  10$aFernández de Kirchner, Cristina.
=651  \0$aArgentina$xPolitics and government$y2002-
=852  41$aBritish Library$bHMNTS$jYF.2016.a.8803
=856  41$uhttp://core.cambeiro.com.ar/0-111769-5.pdf
=856  41$3Table of contents only$uhttp://www.loc.gov/catdir/toc/gc01/9789876843058.pdf
=CAT  \\$a11253$b40$c20151119$lBLL01$h1323
=CAT  \\$a5703$b40$c20160406$lBLL01$h0951
=FIN  \\$aY$d20160406
=FMT  \\$a  BK
=LAS  \\$a5703$b40$c20160406$lBLL01$h0951
=SID  \\$aZ39$bLOC

