=LDR  01973 am a2200433 i 4500
=001  017705939
=003  Uk
=005  20160719094109.0
=008  141021s2013\\\\ag\a\\\\\b\\\f000\0\spa\d
=010  \\$a  2014510401
=020  \\$a9789871498420
=035  \\$a(AR-BaFGC)0-175892/1
=040  \\$aAR-BaFGC$beng$cAR-BaFGC$dDLC$dUk$erda
=042  \\$aukblcatcopy
=043  \\$acl-----
=050  00$aLA543$b.H57 2013
=245  00$aHistoria de las universidades latinoamericanas :$btradición y modernidad /$cCristina Vera de Flachs (ed.).
=264  \1$a[Buenos Aires] ;$a[Córdoba, Argentina] :$bCONICET :$bINNOVAT, Fundación para la Innovación y Transferencia de la Tecnología - U.V.T. :$bCentro de Investigaciones Jurídicas y Sociales, Facultad de Derecho y Ciencias Sociales, Universidad Nacional de Córdoba,$c2013.
=300  \\$a534 pages :$billustrations ;$c23 cm.
=336  \\$atext$2rdacontent
=337  \\$aunmediated$2rdamedia
=338  \\$avolume$2rdacarrier
=490  0\$aColección de estudios sobre la universidad
=490  0\$aColección Historia y prospectiva de universidad latinoamericana
=504  \\$aIncludes bibliographical references.
=650  \0$aUniversities and colleges$zLatin America$xHistory.
=650  \0$aEducation, Higher$zLatin America$xHistory.
=700  1\$aVera de Flachs, María Cristina,$eeditor,$eauthor.
=700  12$iContainer of (work) :$aVera de Flachs, María Cristina.$tTradición y modernidad en la historia de la Universidad de Córdoba.
=852  41$aBritish Library$bHMNTS$jYF.2016.a.16616
=856  41$3Table of contents only$uhttp://www.loc.gov/catdir/toc/gc01/9789871498420.pdf
=856  41$uhttp://core.cambeiro.com.ar/0-175892-1.pdf
=CAT  \\$a6503$b40$c20160113$lBLL01$h1325
=CAT  \\$a5703$b40$c20160719$lBLL01$h0941
=CAT  \\$aBATCH-UPD$b40$c20200530$lBLL01$h1735
=FIN  \\$aY$d20160719
=FMT  \\$a  BK
=LAS  \\$aBATCH-UPD$b40$c20200530$lBLL01$h1735
=SRC  \\$aBLL02

