=LDR  01701 am a2200433 i 4500
=001  017705993
=003  Uk
=005  20160318135439.0
=008  140702s2013\\\\ag\\\\\\\b\\\\100\0\spa\d
=010  \\$a  2014510288
=020  \\$a9789872991715
=035  \\$a(AR-BaFGC)0-173815/0
=040  \\$aAR-BaFGC$beng$cAR-BaFGC$dDLC$dUk$erda
=042  \\$aukblderived
=043  \\$acl-----
=050  00$aPQ7081.A1$bD576 2013
=245  00$aDisturbios en la tierra sin mal :$bviolencia, política y ficción en América Latina /$cDaniel Nemrava (editor).
=264  \1$a[Buenos Aires, Argentina] :$bEjercitar la Memoria Editores,$c[2013]
=300  \\$a357 pages ;$c22 cm
=336  \\$atext$2rdacontent
=337  \\$aunmediated$2rdamedia
=338  \\$avolume$2rdacarrier
=500  \\$aPapers originally presented at a conference organized by Universitá Palackého v Olomuci, May 2012.
=504  \\$aIncludes bibliographical references.
=650  \0$aLatin American literature$y20th century$xHistory and criticism$vCongresses.
=650  \0$aViolence in literature$vCongresses.
=650  \0$aPolitics in literature$vCongresses.
=700  1\$aNemrava, Daniel,$d1975-$eeditor.
=710  2\$aUniverzita Palackého v Olomouci,$esponsoring body.
=852  41$aBritish Library$bHMNTS$jYF.2016.a.7580
=856  41$3Table of contents only$uhttp://www.loc.gov/catdir/toc/gc01/9789872991715.pdf
=856  41$uhttp://core.cambeiro.com.ar/0-173815-0.pdf
=CAT  \\$a11253$b40$c20160113$lBLL01$h1402
=CAT  \\$a10904$b40$c20160318$lBLL01$h1103
=CAT  \\$a10804$b40$c20160318$lBLL01$h1354
=FIN  \\$aY$d20160318
=FMT  \\$a  BK
=LAS  \\$a10804$b40$c20160318$lBLL01$h1354
=SRC  \\$aBLL02

