=LDR  01822 am a22004577i 4500
=001  017706306
=003  Uk
=005  20160524104057.0
=008  150102s2014\\\\ag\a\\\\\b\\\\000\0dspa\d
=010  \\$a  2014510414
=020  \\$a9789871855834 (paperback)
=035  \\$a(AR-BaFGC)0-121783/25
=040  \\$aAR-BaFGC$beng$cAR-BaFGC$dDLC$dUk$erda
=041  \\$aspa$aeng
=042  \\$aukblderived
=043  \\$as-ag---
=050  00$aF2831$b.T468 2014
=245  00$aTerritorios de lo cotidiano, siglos XVI-XX :$bdel antiguo virreinato del Perú a la Argentina contemporánea /$cMónica Ghirardi, coordinadora.
=264  \1$aRosario :$bProhistoria Ediciones,$c2014.
=300  \\$a306 pages :$billustrations ;$c23 cm.
=336  \\$atext$2rdacontent
=337  \\$aunmediated$2rdamedia
=338  \\$avolume$2rdacarrier
=490  0\$aColección Actas,$x1668-5369 ;$v28
=500  \\$aPublished in Rosario, Santa Fe, Argentina.
=504  \\$aIncludes bibliographical references.
=546  \\$aChiefly in Spanish with one text in English.
=651  \0$aArgentina$xHistory.
=651  \0$aArgentina$xSocial life and customs.
=700  1\$aGhirardi, M. Mónica,$eeditor.
=700  12$iContainer of (work):$aGhirardi, M. Mónica.$tSociedad cordobesa a través de los registros diarios de atención de enfermos de los frailes betlemitas (1762-1775)
=852  41$aBritish Library$bHMNTS$jYF.2016.a.12839
=856  41$3Table of contents only$uhttp://www.loc.gov/catdir/toc/gc01/9789871855834.pdf
=856  41$uhttp://core.cambeiro.com.ar/0-121783-25.pdf
=CAT  \\$a11253$b40$c20160114$lBLL01$h1013
=CAT  \\$a6923$b40$c20160524$lBLL01$h1040
=CAT  \\$aBATCH-UPD$b40$c20191204$lBLL01$h2018
=FIN  \\$aY$d20160524
=FMT  \\$a  BK
=LAS  \\$aBATCH-UPD$b40$c20191204$lBLL01$h2018
=SRC  \\$aBLL02

