=LDR  02626 am a22004697i 4500
=001  017706308
=003  Uk
=005  20160524111101.0
=008  150420s2014\\\\ag\a\\\\\b\\\\000\0\spa\d
=010  \\$a  2014510899
=020  \\$a9789871855919 (paperback)
=035  \\$a(AR-BaFGC)0-161489/4
=040  \\$aAR-BaFGC$beng$cAR-BaFGC$dDLC$dUk$erda
=042  \\$aukblderived
=043  \\$as-ag---
=050  00$aF2850$b.E55 2014
=245  00$aEn la vastedad del "desierto" patagónico... :$bestado, prácticas y actores sociales (1884-1958) /$cEnrique Mases y Mirta Zink, editores.
=264  \1$aRosario :$bProhistoria Ediciones,$c2014.
=300  \\$a254 pages :$billustrations ;$c23 cm.
=336  \\$atext$2rdacontent
=337  \\$aunmediated$2rdamedia
=338  \\$avolume$2rdacarrier
=490  0\$aColección Estudios y problemas ;$v4
=500  \\$aPublished in Rosario, Santa Fe, Argentina.
=504  \\$aIncludes bibliographical references.
=505  0\$a"Tenemos la pretensión de ser provincia" / Mirta Zink -- La formación de la provincia Eva Perón / Fabio Alonso -- Presupuestos, fiscalidad y construcción estatal en el Territorio Nacional de La Pampa (1886-1943) / Andrea Lluch -- Estado, educación y trabajo / Enrique Mases -- Cuando los trabajadores van al juzgado / Gabriel Rafart -- La Pampa / Jorge Etchenique -- Socialismo, cultura y trabajadores en el territorio pampeano (1913-1939) / Federico Martocci -- ¿"Revolución social" desde arriba o desde abajo? / Norberto Asquini -- Estado y trabajadores en Chubut y Santa Cruz en la primera mitad del siglo XX / Sebastián Barros y Gabriel Carrizo -- Los mineros del carbón en el Yacimiento de Río Turbio durante el período territoriano / Daniel Cabral Marques.
=650  \0$aNation-building$zArgentina$xTerritories and possessions$xHistory.
=650  \0$aNation-building$zPatagonia (Argentina and Chile)$xTerritories and possessions$xHistory.
=700  1\$aMases, Enrique,$eeditor.
=700  1\$aZink, Mirta,$eeditor.
=700  12$iContainer of (work):$aZink, Mirta.$t"Tenemos la pretensión de ser provincia".
=852  41$aBritish Library$bHMNTS$jYF.2016.a.12787
=856  41$3Table of contents only$uhttp://www.loc.gov/catdir/toc/gc01/9789871855919.pdf
=856  41$uhttp://core.cambeiro.com.ar/0-161489-4.pdf
=CAT  \\$a11253$b40$c20160114$lBLL01$h1021
=CAT  \\$aBATCH-UPD$b40$c20160114$lBLL01$h1022
=CAT  \\$a6923$b40$c20160524$lBLL01$h1111
=CAT  \\$aBATCH-UPD$b40$c20170406$lBLL01$h2028
=FIN  \\$aY$d20160524
=FMT  \\$a  BK
=LAS  \\$aBATCH-UPD$b40$c20170406$lBLL01$h2028
=SRC  \\$aBLL02

