=LDR  01451 am a22003977i 4500
=001  017706327
=003  Uk
=005  20160524090116.0
=008  150710s2015\\\\ag\a\\\\\b\\\\000\0\spa\d
=010  \\$a  2014512531
=020  \\$a9789873367632 (paperback)
=035  \\$a(AR-BaFGC)0-178323/0
=040  \\$aAR-BaFGC$beng$cAR-BaFGC$dDLC$dUk$erda
=042  \\$aukblderived
=043  \\$as-ag---
=050  00$aF2821$b.B64 2015
=100  1\$aBolcatto, Hipólito Guillermo,$eauthor.
=245  10$aPintar el cuerpo :$bla pintura corporal en los aborígenes de la Argentina /$cHipólito Bolcatto [compiler].
=264  \1$aSanta Fe [Argentina] :$bHipólito Bolcatto,$c[2015]
=300  \\$a144 pages :$billustrations ;$c22 x 28 cm
=336  \\$atext$2rdacontent
=337  \\$aunmediated$2rdamedia
=338  \\$avolume$2rdacarrier
=504  \\$aIncludes bibliographical references.
=650  \0$aIndians of South America$zArgentina$xRites and ceremonies.
=650  \0$aBody painting$zArgentina.
=852  41$aBritish Library$bHMNTS$jLF.31.a.5370
=856  41$uhttp://core.cambeiro.com.ar/0-178323-0.pdf
=856  41$3Table of contents only$uhttp://www.loc.gov/catdir/toc/gc01/9789873367632.pdf
=CAT  \\$a11253$b40$c20160114$lBLL01$h1044
=CAT  \\$aBATCH-UPD$b40$c20160114$lBLL01$h1044
=CAT  \\$a6923$b40$c20160524$lBLL01$h0901
=FIN  \\$aY$d20160524
=FMT  \\$a  BK
=LAS  \\$a6923$b40$c20160524$lBLL01$h0901
=SRC  \\$aBLL02

