=LDR  01639 am a22004457i 4500
=001  017706341
=003  Uk
=005  20160318111521.0
=008  150618e201504\\ag\a\\\\\b\\\f000\0\spa\d
=010  \\$a  2014512324
=020  \\$a9789871435852
=035  \\$a(AR-BaFGC)0-150066/4
=040  \\$aAR-BaFGC$beng$cAR-BaFGC$dDLC$dUk$erda
=042  \\$aukblderived
=043  \\$as-ag---
=050  00$aGV944.A7$bC36 2015
=245  03$aLa cancha peronista :$bfútbol y política (1946-1955) /$cRaanan Rein.
=250  \\$a1a edición.
=264  \1$aSan Martín, Provincia de Buenos Aires [Argentina] :$bUNSAM Edita,$cabril 2015.
=300  \\$a275 pages :$billustrations ;$c21 cm.
=336  \\$atext$2rdacontent
=337  \\$aunmediated$2rdamedia
=338  \\$avolume$2rdacarrier
=490  0\$aColección Ciencias Sociales
=504  \\$aIncludes bibliographical references (pages 259-272).
=650  \0$aSoccer$xArgentina$xHistory$y20th century.
=650  \0$aPeronism.
=650  \0$aSports and state$zArgentina.
=651  \0$aArgentina$xPolitics and government$y1955-
=700  1\$aRein, Raanan,$d1960-$eeditor.
=700  12$iContainer of (work):$aRein, Raanan,$d1960-$tUso y abuso del deporte en la década peronista.
=852  41$aBritish Library$bHMNTS$jYF.2016.a.7564
=856  41$uhttp://core.cambeiro.com.ar/0-150066-4.pdf
=856  41$3Table of contents only$uhttp://www.loc.gov/catdir/toc/gc01/9789871435852.pdf
=CAT  \\$a11253$b40$c20160114$lBLL01$h1053
=CAT  \\$a10904$b40$c20160318$lBLL01$h1115
=FIN  \\$aY$d20160318
=FMT  \\$a  BK
=LAS  \\$a10904$b40$c20160318$lBLL01$h1115
=SRC  \\$aBLL02

