=LDR  02048 am a22004577i 4500
=001  017706439
=003  Uk
=005  20160318094653.0
=008  150306s2015\\\\ag\\\\\\\b\\\\000\0\spa\d
=010  \\$a  2014510559
=020  \\$a9789500530408
=035  \\$a(AR-BaFGC)0-177254/0
=040  \\$aAR-BaFGC$beng$cAR-BaFGC$dDLC$dUk$erda
=042  \\$aukblderived
=043  \\$as-ag---
=050  00$aPQ7655$b.T73 2015
=245  00$aTransgenericidad :$bensayos críticos /$cedición y prólogo, Silvana López.
=264  \1$aBs. As. :$bCorregidor,$c[2015]
=300  \\$a223 pages ;$c20 cm
=336  \\$atext$2rdacontent
=337  \\$aunmediated$2rdamedia
=338  \\$avolume$2rdacarrier
=500  \\$aPublished in Buenos Aires.
=504  \\$aIncludes bibliographical references.
=505  0\$aEl escritor y sus sombras / Noé Jitrik -- Efecto / Noé Jitrik -- Felisberto y los géneros / Gustavo Lespada -- Citas con Héctor Libertella / Silvana López -- Patologías : histeria (háptica) y hermetismo : una lectura trans-(a)-genérica / Marcelo Damiani -- Tránsitos y estancias : vida y literatura en Los autonautas de la cosmopista de Julio Cortázar y Carol Dunlop / Roberto Ferro.
=650  \0$aArgentine literature$y20th century$xHistory and criticism.
=650  \0$aUruguayan literature$y20th century$xHistory and criticism.
=700  1\$aLópez, Silvana,$eeditor,$eauthor.
=700  12$iContainer of (work):$aLespada, Gustavo.$tFelisberto y los géneros.
=852  41$aBritish Library$bHMNTS$jYF.2016.a.7437
=856  41$3Table of contents only$uhttp://www.loc.gov/catdir/toc/gc01/9789500530408.pdf
=856  41$uhttp://core.cambeiro.com.ar/0-177254-0.pdf
=CAT  \\$a11253$b40$c20160114$lBLL01$h1145
=CAT  \\$a10904$b40$c20160318$lBLL01$h0758
=CAT  \\$a10904$b40$c20160318$lBLL01$h0759
=CAT  \\$a8962$b40$c20160318$lBLL01$h0946
=CAT  \\$aBATCH-UPD$b40$c20171008$lBLL01$h2353
=FIN  \\$aY$d20160318
=FMT  \\$a  BK
=LAS  \\$aBATCH-UPD$b40$c20171008$lBLL01$h2353
=SRC  \\$aBLL02

