=LDR  02912 am a22004457i 4500
=001  017706509
=003  Uk
=005  20170407082143.0
=008  160125s2015\\\\ag\\\\\\\b\\\\000\0\spa\d
=010  \\$a  2016365916
=020  \\$a9789876913317
=035  \\$a(AR-BaFGC)0-5552/37
=040  \\$aAR-BaFGC$beng$cAR-BaFGC$dDLC$dUk$erda
=042  \\$aukblderived
=043  \\$as-ag---
=050  00$aF2845$b.E65 2015
=245  00$aEpisodios de la cultura histórica argentina :$bcelebraciones, imágenes y representaciones del pasado, siglos XIX y XX /$cAlejandro Eujanian, Ricardo Pasolini, María Estela Spinelli, coordinadores.
=264  \1$aBuenos Aires :$bEditorial Biblos,$c[2015]
=300  \\$a209 pages ;$c23 cm.
=336  \\$atext$2rdacontent
=337  \\$aunmediated$2rdamedia
=338  \\$avolume$2rdacarrier
=490  0\$aHistoria
=504  \\$aIncludes bibliographical references.
=505  0\$aLa política puesta en escena : las fiestas mayas en el Estado de BUenos Aire en la década del cincuentenario / Alejandro Eujanian -- Arte, políticas y representaciones del pasado : la Comisión Nacional de Festejos del Centeraio de la Revolución de Mayo / Antonio F.B ozzo -- "Una obra de ineptos oficiales marmoleros" : el monumento a la bandera de Lola Mora, un recorrido desde el Centenario hasta la década del 90 / Gabierla Couselo -- Fervoere patrióticos : monumentos y conmemoraciones revisionistas en la historia reciente / Julio Stortini -- Consturyendo imágenes y sentidos sobre el pasado nacional en la conmemoración del Bicentenario / Nora Pagano y Martha Rodríguez -- La construcciónd e la identidad del socialismo argentino a partir de los Recuerdos de un militante socilista de Enrique Dickmann / Sofía Seras -- Conmemoraciones sesquicentenarias, aniversarios e izquierdas en la Argentina y Uruguay / María Elena García Moral -- Mayo en los ensayos históricos de la colección La Siringa / María Julia Blanco -- Intelectuales, presna y política : el sesquicentenario de Mayo en el contexto de la crisis política / María Estela Spinelli.
=651  \0$aArgentina$xHistory$yWar of Independence, 1810-1817$xHistoriography.
=651  \0$aArgentina$xHistory$yWar of Independence, 1810-1817$xAnniversaries, etc.
=700  1\$aEujanian, Alejandro C.,$eeditor.
=700  1\$aPasolini, Ricardo,$eeditor.
=700  1\$aSpinelli, María Estela,$eeditor.
=700  12$iContainer of (work) :$aEujanian, Alejandro C.$tPolítica puesta en escena.
=852  41$aBritish Library$bHMNTS$jYF.2017.a.9318
=856  41$3Table of contents only$uhttp://www.loc.gov/catdir/toc/gc01/9789876913317.pdf
=856  41$uhttp://core.cambeiro.com.ar/0-5552-37.pdf
=CAT  \\$a11253$b40$c20160114$lBLL01$h1306
=CAT  \\$a11002$b40$c20170407$lBLL01$h0821
=FIN  \\$aY$d20170407
=FMT  \\$a  BK
=LAS  \\$a11002$b40$c20170407$lBLL01$h0821
=SRC  \\$aBLL02

