=LDR  02841 am a22004697i 4500
=001  017962427
=003  Uk
=005  20170214110919.0
=008  150623s2015\\\\ag\a\\\\\b\\\\000\0\spa\d
=010  \\$a  2014512427
=020  \\$a9789876913591 (paperback)
=035  \\$a(AR-BaFGC)0-155719/65
=040  \\$aAR-BaFGC$beng$cAR-BaFGC$dDLC$dUk$erda
=042  \\$aukblderived
=043  \\$as------
=050  00$aF2237$b.D57 2015
=245  00$aDiscurso y política en Sudamérica /$cElvira Narvaja de Arnoux y Verónica Zaccari (editoras).
=264  \1$aBuenos Aires :$bEditorial Biblos,$c[2015]
=300  \\$a402 pages :$billustrations ;$c23 cm.
=336  \\$atext$2rdacontent
=337  \\$aunmediated$2rdamedia
=338  \\$avolume$2rdacarrier
=490  0\$aInvestigaciones y ensayos
=504  \\$aIncludes bibliographical references.
=505  0\$aDesignar y significar : polémicas en torno al "socialismo indoamericano" de José Carlos Mariátegui / Verónica Zaccari -- El discurso de Perón en la etapa fundacional del movimiento (1943-1946) / María Sofía Vassallo -- Fidel Castro : de una dimensión política a una dimensión moral / Ana María Corrarello -- José Mujica y la memoria discursiva del artiguismo / Andrés Buisán -- De la dimensión suramericana a la global : escenografías de liderazgo en el discurso de Lula da Silva (2003-2005) / Florencia Magnanego -- "Refundar la patria" : los legados del primer kirchnerismo / Mariano Dagatti -- La representación del tiempo en los discursos de Cristina Fernández (2007-2008) / Ana Laura Maizels -- El discurso de Evo Morales / Gonzalo Blanco -- Elogio político y argumentación en los discursos presidenciales de Juan Manuel Santos / Giohanny Olave -- La dimensión didáctica en la construcción del "socialismo del siglo XXI" : los discursos de Hugo Chávez / Elvira Narvaja de Arnoux.
=650  \0$aPresidents$xMessages.
=650  \0$aPolitical oratory$zSouth America.
=651  \0$aSouth America$xPolitics and government$y20tht century.
=651  \0$aSouth America$xPolitics and government$y21st century.
=700  1\$aArnoux, Elvira N. de$q(Elvira Narvaja de),$eeditor.
=700  1\$aZaccari, Verónica,$eeditor.
=700  12$iContainer of (work):$aOlave Arias, Giohanny.$tElogio político y argumentación en los discursos presidenciales de Juan Manuel Santos.
=852  41$aBritish Library$bHMNTS$jYF.2017.a.4309
=856  41$3Table of contents only$uhttp://www.loc.gov/catdir/toc/gc01/9789876913591.pdf
=856  41$uhttp://core.cambeiro.com.ar/0-155719-65.pdf
=CAT  \\$a11253$b40$c20160805$lBLL01$h1336
=CAT  \\$aBATCH-UPD$b40$c20160805$lBLL01$h1337
=CAT  \\$a6923$b40$c20170214$lBLL01$h1109
=FIN  \\$aY$d20170214
=FMT  \\$a  BK
=LAS  \\$a6923$b40$c20170214$lBLL01$h1109
=SRC  \\$aBLL02

