=LDR  01425 am a2200397 i 4500
=001  017966580
=003  Uk
=005  20161116090617.0
=008  150807s2015\\\\ag\\\\\\\b\\\\000\0\spa\d
=010  \\$a  2014512734
=020  \\$a9789508453358
=035  \\$a(AR-BaFGC)0-77522/64
=040  \\$aAR-BaFGC$beng$cAR-BaFGC$dDLC$dUk$erda
=042  \\$aukblcatcopy
=050  00$aPQ8180.32.A4277$bZ524 2015
=100  1\$aAristizábal, Juanita C.,$eauthor.
=245  10$aFernando Vallejo a contracorriente /$cJuanita C. Aristizábal.
=250  \\$aPrimera edición.
=264  \1$a[Rosario, Argentina] :$bBeatriz Viterbo Editora,$c2015.
=300  \\$a315 pages ;$c20 cm.
=336  \\$atext$2rdacontent
=337  \\$aunmediated$2rdamedia
=338  \\$avolume$2rdacarrier
=490  0\$aEnsayos críticos ;$v65
=500  \\$aBased on the author's thesis (doctoral)--Yale University, 2011.
=504  \\$aIncludes bibliographical references (pages 297-313).
=600  10$aVallejo, Fernando$xCriticism and interpretation.
=852  41$aBritish Library$bHMNTS$jYF.2016.a.24298
=856  41$uhttp://core.cambeiro.com.ar/0-77522-64.pdf
=856  41$3Table of contents only$uhttp://www.loc.gov/catdir/toc/gc01/9789508453358.pdf
=CAT  \\$a11253$b40$c20160808$lBLL01$h0922
=CAT  \\$a5703$b40$c20161116$lBLL01$h0906
=FIN  \\$aY$d20161116
=FMT  \\$a  BK
=LAS  \\$a5703$b40$c20161116$lBLL01$h0906
=SRC  \\$aBLL02

