=LDR  02279 am a2200409 i 4500
=001  017966627
=003  Uk
=005  20161115135001.0
=008  150918s2015\\\\ag\a\\\\\b\\\\000\0\spa\d
=010  \\$a  2016365130
=020  \\$a9789500530644
=035  \\$a(AR-BaFGC)0-178466/0
=040  \\$aAR-BaFGC$beng$cAR-BaFGC$dDLC$dUk$erda
=042  \\$aukblcatcopy
=050  00$aPQ7798.26.I4$bZ8 2015
=245  04$aLas máquinas ficcionales de Ricardo Piglia /$ceditora, Julia G. Romero.
=264  \1$aBs. As. :$bCorregidor,$c[2015]
=300  \\$a204 pages :$billustrations ;$c21 cm
=336  \\$atext$2rdacontent
=337  \\$aunmediated$2rdamedia
=338  \\$avolume$2rdacarrier
=500  \\$a"Este libro tiene su origen en una Jornada realizada el 18 de noviembre de 2011 en el Teatro Argentino de la ciudad de La Plata en homenaje a Ricardo Piglia"--Page 11.
=500  \\$aPublished in Buenos Aires.
=504  \\$aIncludes bibliographical references.
=505  0\$aFicción perpetua / Julia G. Romero -- Notas sobre un proyecto literario / Adriana Rodríguez Pérsico -- Capturar la mirada : el cuerpo gráfico de La ciudad ausente de Piglia, Scafati y De Santis / Elena Vinelli -- Una máquina transformadora de historias / Sergio Waisman -- Leer a Ricardo Piglia, una vez más, con pasión / Laura Demaría -- La queer performance de Plata quemada / José Amícola y Silvia Hueso -- Una máquina óptica singular : (breves sobre El último lector de Ricardo Piglia) / Edgardo H. Berg -- Treinta años después, Blanco nocturno / Jorge Bracamonte -- Ricardo Piglia, los años de Princeton / Arcadio Díaz Quiñones -- Sobre la interpretación / Ricardo Piglia.
=600  10$aPiglia, Ricardo$xCriticism and interpretation.
=700  1\$aRomero, Julia G.,$eeditor.
=700  12$iContainer of (work):$aVinelli, Elena,$d1952-$tCapturar la mirada.
=852  41$aBritish Library$bHMNTS$jYF.2016.a.24421
=856  41$3Table of contents only$uhttp://www.loc.gov/catdir/toc/gc01/9789500530644.pdf
=856  41$uhttp://core.cambeiro.com.ar/0-178466-0.pdf
=CAT  \\$a11253$b40$c20160808$lBLL01$h1051
=CAT  \\$a5703$b40$c20161115$lBLL01$h1350
=FIN  \\$aY$d20161115
=FMT  \\$a  BK
=LAS  \\$a5703$b40$c20161115$lBLL01$h1350
=SRC  \\$aBLL02

