=LDR  01344 am a2200397 i 4500
=001  017966633
=003  Uk
=005  20170328091549.0
=008  150605s2015\\\\ag\\\\\\\\\\\\001\0\spa\d
=010  \\$a  2014512436
=020  \\$a9789873865039
=035  \\$a(AR-BaFGC)0-178445/0
=040  \\$aAR-BaFGC$beng$cAR-BaFGC$dDLC$dUk$erda
=042  \\$aukblderived
=043  \\$as-ag---
=050  00$aPQ7627$b.A15 2015
=245  00$a16 entrevistas a escritores /$cpor Jorge Hardmeier.
=246  3\$aDieciséis entrevistas a escritores
=264  \1$aCiudad Autónoma de Buenos Aires :$bNova,$c[2015]
=300  \\$a185 pages ;$c22 cm
=336  \\$atext$2rdacontent
=337  \\$aunmediated$2rdamedia
=338  \\$avolume$2rdacarrier
=500  \\$aIncludes index.
=650  \0$aAuthors, Argentine$y21st century$vInterviews.
=650  \0$aArgentine literature$xHistory and criticism.
=700  1\$aHardmeier, Jorge,$d1968-$einterviewer.
=852  41$aBritish Library$bHMNTS$jYF.2017.a.8170
=856  41$3Table of contents only$uhttp://www.loc.gov/catdir/toc/gc01/9789873865039.pdf
=856  41$uhttp://core.cambeiro.com.ar/0-178445-0.pdf
=CAT  \\$a11253$b40$c20160808$lBLL01$h1057
=CAT  \\$a11131$b40$c20170328$lBLL01$h0915
=FIN  \\$aY$d20170328
=FMT  \\$a  BK
=LAS  \\$a11131$b40$c20170328$lBLL01$h0915
=SRC  \\$aBLL02

