=LDR  01663 am a2200433 i 4500
=001  018112000
=003  Uk
=005  20170215092557.0
=008  150812e201505\\ag\a\\\\\b\\\f000\0\spa\d
=010  \\$a  2014512719
=020  \\$a9789502324180
=035  \\$a(AR-BaFGC)0-6013/33
=040  \\$aAR-BaFGC$beng$cAR-BaFGC$dDLC$dUk$erda
=042  \\$aukblderived
=043  \\$as-ag---
=050  00$aPM5101$b.L46 2015
=245  00$aLenguas indígenas y lenguas minorizadas :$bestudios sobre la diversidad (socio)linguística de la Argentina y países limítrofes /$cCristina Messineo y Ana Carolina Hecht, compiladoras.
=250  \\$a1a edición.
=264  \1$aCiudad de Buenos Aires :$bEudeba,$cmayo de 2015.
=300  \\$a343 pages :$billustrations ;$c23 cm.
=336  \\$atext$2rdacontent
=337  \\$aunmediated$2rdamedia
=338  \\$avolume$2rdacarrier
=490  0\$aLectores
=504  \\$aIncludes bibliographical references.
=650  \0$aIndians of South America$zArgentina$xLanguages$xSocial aspects.
=700  1\$aMessineo, Cristina,$eeditor.
=700  1\$aHecht, Ana Carolina,$eeditor.
=700  12$iContainer of (work):$aMessineo, Cristina.$tLenguas indígenas de la Argentina.
=852  41$aBritish Library$bHMNTS$jYF.2017.a.4116
=856  41$3Table of contents only$uhttp://www.loc.gov/catdir/toc/gc01/9789502324180.pdf
=856  41$uhttp://core.cambeiro.com.ar/0-6013-33.pdf
=CAT  \\$a11253$b40$c20161121$lBLL01$h1252
=CAT  \\$aBATCH-UPD$b40$c20170215$lBLL01$h0924
=CAT  \\$a11002$b40$c20170215$lBLL01$h0925
=FIN  \\$aY$d20170215
=FMT  \\$a  BK
=LAS  \\$a11002$b40$c20170215$lBLL01$h0925
=SRC  \\$aBLL02

