=LDR  01604 am a2200433 i 4500
=001  018112006
=003  Uk
=005  20170215093745.0
=008  150317s2014\\\\ag\\\\\\\b\\\\000\0\spa\d
=010  \\$a  2014510613
=020  \\$a9789874543608
=035  \\$a(AR-BaFGC)0-177897/1
=040  \\$aAR-BaFGC$beng$cAR-BaFGC$dDLC$dUk$erda
=042  \\$aukblderived
=043  \\$as-ag---
=050  00$aHJ8569$b.V46 2014
=100  1\$aVence Conti, Agustina,$eauthor.
=245  10$aDeuda externa y gobernabilidad en Argentina :$bla historia de Roca, Pellegrini y el proyecto de conversión de deuda de 1901 /$cAgustina Vence Conti.
=250  \\$aPrimera edición en español.
=264  \1$a[Buenos Aires, Argentina] :$bL&C Editorial,$c2014.
=300  \\$a198 pages ;$c21 cm
=336  \\$atext$2rdacontent
=337  \\$aunmediated$2rdamedia
=338  \\$avolume$2rdacarrier
=504  \\$aIncludes bibliographical references (pages 183-192).
=600  10$aPellegrini, Carlos,$d1846-1906.
=600  10$aRoca, Julio Argentino,$d1843-1914.
=650  \0$aDebts, External$zArgentina$xHistory.
=651  \0$aArgentina$xEconomic policy.
=651  \0$aArgentina$xPolitics and government$y1860-1910.
=852  41$aBritish Library$bHMNTS$jYF.2017.a.4109
=856  41$uhttp://core.cambeiro.com.ar/0-177897-1.pdf
=856  41$3Table of contents only$uhttp://www.loc.gov/catdir/toc/gc01/9789874543608.pdf
=CAT  \\$a11253$b40$c20161121$lBLL01$h1300
=CAT  \\$a11002$b40$c20170215$lBLL01$h0937
=FIN  \\$aY$d20170215
=FMT  \\$a  BK
=LAS  \\$a11002$b40$c20170215$lBLL01$h0937
=SRC  \\$aBLL02

