=LDR  01484 am a2200397 i 4500
=001  018112077
=003  Uk
=005  20170214104724.0
=008  151021s2015\\\\ag\a\\\\\b\\\\000\0\spa\d
=010  \\$a  2016365179
=020  \\$a9789876295918
=035  \\$a(AR-BaFGC)0-180351/0
=040  \\$aAR-BaFGC$beng$cAR-BaFGC$dDLC$dUk$erda
=042  \\$aukblderived
=043  \\$as-ag---
=050  00$aLC92.A6$bE37 2015
=245  03$aLa educación argentina hoy :$bla urgencia del largo plazo /$cJuan Carlos Tedesco (compilador) ; autores, Claudia Marcela Aberbuj [and twelve others].
=264  \1$aBuenos Aires, Argentina :$bSiglo Veintiuno Editores :$bFundación OSDE,$c[2015]
=300  \\$a478 pages :$billustrations ;$c23 cm
=336  \\$atext$2rdacontent
=337  \\$aunmediated$2rdamedia
=338  \\$avolume$2rdacarrier
=504  \\$aIncludes bibliographical references (pages 445-473).
=650  \0$aEducation and state$zArgentina.
=650  \0$aEducation$zArgentina.
=650  \0$aEducation$xSocial aspects$zArgentina.
=700  1\$aTedesco, Juan Carlos,$eeditor.
=852  41$aBritish Library$bHMNTS$jYF.2017.a.4092
=856  41$3Table of contents only$uhttp://www.loc.gov/catdir/toc/gc01/9789876295918.pdf
=856  41$uhttp://core.cambeiro.com.ar/0-180351-0.pdf
=CAT  \\$a11253$b40$c20161121$lBLL01$h1407
=CAT  \\$a11002$b40$c20170214$lBLL01$h1047
=FIN  \\$aY$d20170214
=FMT  \\$a  BK
=LAS  \\$a11002$b40$c20170214$lBLL01$h1047
=SRC  \\$aBLL02

