=LDR  02562cam a22004577i 4500
=001  018113669
=003  Uk
=005  20170214105659.0
=008  160408s2015\\\\ag\\\\\\\b\\\f000\0\spa\d
=020  \\$a9789873617935
=020  \\$a9873617930
=035  \\$a(OCoLC)961393322
=040  \\$aHLS$beng$cHLS$dOCLCO$dOCLCF$dIUP$dUk$erda
=042  \\$aukblderived
=043  \\$acc-----
=050  \4$aPN849.C3$bL58 2015x
=245  00$aLiteraturas caribeñas :$bdebates, reescrituras, tradiciones /$cGuadalupe Silva y María Fernanda Pampín (comps.).
=264  \1$aCiudad Autónoma de Buenos Aires, República Argentina :$bEditorial de la Facultad de Filosofía y Letras, Universidad de Buenos Aires,$c[2015?]
=300  \\$a228 pages ;$c20 cm.
=336  \\$atext$2rdacontent
=337  \\$aunmediated$2rdamedia
=338  \\$avolume$2rdacarrier
=490  1\$aColección Saberes
=504  \\$aIncludes bibliographical references.
=505  0\$aBajo el signo de la S / Áurea María Sotomayor -- Filiaciones discordantes : Aimé Césaire leído por los escritore de la créolité / Francisco Aiello -- Estrategias para construir una tradición : (re) lecturas en la obra de Margarita Mateo Palmer / María Virginia González -- El envés del revés : fronteras críticas en el ensayo caribeño / Elsa Noya -- Entre lo propio y lo ajeno / María Fernanda Pampín -- El discurso caribeño de los maravilloso : Stephen Alexis y Alejo Carpentier / Guadalupe Silva -- El crítico como artista : Julián del Casal y su ensoñación wagneriana / Ariela Schnirmajer -- Imágenes de la Isla en la Pentagonía de Reinaldo Arenas / Mariela Escobar -- Virgilio Piñera como personaje / Ana Eichenbronner.
=650  \0$aCaribbean literature (Spanish)$xHistory and criticism.
=650  \7$aCaribbean literature (Spanish)$2fast$0(OCoLC)fst00847488
=655  \7$aCriticism, interpretation, etc.$2fast$0(OCoLC)fst01411635
=700  1\$aSilva, Guadalupe,$eeditor.
=700  1\$aPampín, María Fernanda,$eeditor.
=830  \0$aColección Saberes (Buenos Aires, Argentina)
=852  41$aBritish Library$bHMNTS$jYF.2017.a.4055
=856  41$3Table of contents only$uhttp://catdir.loc.gov/catdir/toc/gc01/9789873617935.pdf
=856  41$uhttp://core.cambeiro.com.ar/0-154477-24.pdf
=CAT  \\$a11253$b40$c20161122$lBLL01$h1135
=CAT  \\$a11002$b40$c20170214$lBLL01$h1056
=CAT  \\$aW2308-1659$c20230923$lBLL01$h1011
=FIN  \\$aY$d20170214
=FMT  \\$a  BK
=LAS  \\$aW2308-1659$b00$c20230923$lBLL01$h1011
=SID  \\$aZ39$bOCLC

