=LDR  01984 am a2200445 i 4500
=001  018192043
=003  Uk
=005  20170214120418.0
=008  150921t20152014ag\a\\\\\b\\\f000\0\spa\d
=010  \\$a  2014512707
=020  \\$a9789872929299
=035  \\$a(AR-BaFGC)0-180091/1
=040  \\$aAR-BaFGC$beng$cAR-BaFGC$dDLC$dUk$erda
=042  \\$aukblderived
=043  \\$as-ag---
=050  00$aHC175$b.D358 2015
=245  04$aUna década ganada :$bgestión económica kirchnerista en perspectiva (2003-2013) /$cSantiago Fraschina, Arturo Trinelli (compiladores).
=264  \1$a[Buenos Aires] :$bSubsecretaría de Gestión y Coordinación de Políticas Universitarias ;$aPiñeyro [Argentina] :$bUNDAV Ediciones, Universidad Nacional de Avellaneda,$c[2015]
=264  \3$aAvellaneda, Buenos Aires, Argentina :$bIntegraltech S.A.,$cabril de 2015.
=264  \4$c©2014
=300  \\$a522 pages :$billustrations ;$c22 cm.
=336  \\$atext$2rdacontent
=337  \\$aunmediated$2rdamedia
=338  \\$avolume$2rdacarrier
=490  0\$aColección Observatorio de Políticas Públicas. Serie Economía
=504  \\$aIncludes bibliographical references.
=651  \0$aArgentina$xEconomic policy.
=651  \0$aArgentina$xEconomic conditions$y20th century.
=700  1\$aFraschina, Santiago,$eeditor.
=700  1\$aTrinelli, Arturo$c(Political science professor),$eeditor.
=700  12$iContainer of (work):$aDevesa, Verónica.$tPolítica industrial con foco en las pequeñas y medianas empresas y en la innovación científico-tecnológica (2003-2012)
=852  41$aBritish Library$bHMNTS$jYF.2017.a.4048
=856  41$3Table of contents only$uhttp://www.loc.gov/catdir/toc/gc01/9789872929299.pdf
=856  41$uhttp://core.cambeiro.com.ar/0-180091-1.pdf
=CAT  \\$a11253$b40$c20170127$lBLL01$h1123
=CAT  \\$a11002$b40$c20170214$lBLL01$h1204
=FIN  \\$aY$d20170214
=FMT  \\$a  BK
=LAS  \\$a11002$b40$c20170214$lBLL01$h1204
=SRC  \\$aBLL02

