=LDR  02011 am a2200457 i 4500
=001  018335099
=003  Uk
=005  20170612084418.0
=008  151123s2015\\\\ag\\\\\\\\\\\l000\0\spa\d
=010  \\$a  2016365298
=020  \\$a9789871912384
=035  \\$a(AR-BaFGC)0-177684/0
=040  \\$aAR-BaFGC$beng$cAR-BaFGC$dDLC$dUk$erda
=042  \\$aukblderived
=043  \\$as-ag---
=050  00$aHV6322.3.A7$bC374 2015
=245  03$aEl caso Chomicki /$ccompilación y edición Rubén Chababo, Viviana Nardoni, Daniel Fernández Lamothe, Eliezer Budassoff.
=264  \1$aRosario, Argentina :$bMuseo de la Memoria :$b:e(m)r, Editorial Municipal de Rosario,$c2015.
=300  \\$a190 pages ;$c21 cm
=336  \\$atext$2rdacontent
=337  \\$aunmediated$2rdamedia
=338  \\$avolume$2rdacarrier
=500  \\$a"Debate sobre la pertinencia de iniciar acciones penales contra las víctimas del terrorismo de Estado acusadas de colaborar en secuestros, torturas y asesinatos durante la última dictadura militar."--Cover.
=600  10$aChomicki, Ricardo Miguel$xTrials, litigation, etc.
=650  \0$aVictims of state-sponsored terrorism$zArgentina$zRosario (Santa Fe)$xHistory$y20th century.
=650  \0$aCollaborationists$zArgentina$zRosario (Santa Fe)$xHistory$y20th century.
=700  1\$aChababo, Rubén A.,$eeditor.
=700  1\$aNardoni, Viviana,$eeditor.
=700  1\$aFernández Lamothe, Daniel,$eeditor.
=700  1\$aBudassoff, Eliezer,$eeditor.
=700  12$iContainer of (work):$aTessio, Griselda.$tY llegó la noche.
=852  41$aBritish Library$bHMNTS$jYF.2017.a.14826
=856  41$3Table of contents only$uhttp://www.loc.gov/catdir/toc/gc01/9789871912384.pdf
=856  41$uhttp://core.cambeiro.com.ar/0-177684-0.pdf
=CAT  \\$a6503$b40$c20170504$lBLL01$h1407
=CAT  \\$aBATCH-UPD$b40$c20170504$lBLL01$h1407
=CAT  \\$a11002$b40$c20170612$lBLL01$h0844
=FIN  \\$aY$d20170612
=FMT  \\$a  BK
=LAS  \\$a11002$b40$c20170612$lBLL01$h0844
=SRC  \\$aBLL02

