=LDR  01876 am a2200445 i 4500
=001  018335114
=003  Uk
=005  20170612082446.0
=008  160706s2016\\\\ag\\\\\\\b\\\\100\0\spa\d
=010  \\$a  2016366289
=020  \\$a9789875747616
=035  \\$a(AR-BaFGC)0-183109/0
=040  \\$aAR-BaFGC$beng$cAR-BaFGC$dDLC$dUk$erda
=042  \\$aukblderived
=043  \\$aaw-----$aa-is---$as-ag---
=050  00$aDS119.7$b.N77 2013
=110  2\$aNúcleo de Estudios Judíos (IDES).$bJornadas$n(2nd :$d2013 :$cBuenos Aires, Argentina)
=245  10$aIsrael-Palestina :$buna pasión argentina : estudios sobre la recepción del conflicto árabe-israelí en la Argentina /$cEmmanuel N. Kahan (compilador).
=264  \1$aBuenos Aires, Argentina :$bPrometeo Libros,$c[2016]
=300  \\$a285 pages ;$c24 cm
=336  \\$atext$2rdacontent
=337  \\$aunmediated$2rdamedia
=338  \\$avolume$2rdacarrier
=504  \\$aIncludes bibliographical references.
=650  \0$aArab-Israeli conflict$xForeign public opinion, Argentine$vCongresses.
=650  \0$aPublic opinion$zArgentina$vCongresses.
=650  \0$aArab-Israeli conflict$xInfluence$vCongresses.
=651  \0$aArgentina$xRelations$zIsrael$vCongresses.
=651  \0$aIsrael$xRelations$zArgentina$vCongresses.
=700  1\$aKahan, Emmanuel Nicolás,$d1977-$eeditor.
=700  12$iContainer of (work):$aKlich, Ignacio,$d1949-$tArgentina, su reinserción en el mundo y la cuestión de Palestina.
=852  41$aBritish Library$bHMNTS$jYF.2017.a.14829
=856  41$uhttp://core.cambeiro.com.ar/0-183109-0.pdf
=856  41$3Table of contents only$uhttp://www.loc.gov/catdir/toc/gc01/9789875747616.pdf
=CAT  \\$a6503$b40$c20170504$lBLL01$h1416
=CAT  \\$a11002$b40$c20170612$lBLL01$h0824
=FIN  \\$aY$d20170612
=FMT  \\$a  BK
=LAS  \\$a11002$b40$c20170612$lBLL01$h0824
=SRC  \\$aBLL02

