=LDR  01954 am a2200457 i 4500
=001  018335179
=003  Uk
=005  20170725115235.0
=008  160627s2014\\\\ag\a\\\\\b\\\\000\0\spa\d
=010  \\$a  2016366146
=020  \\$a9789873781094
=035  \\$a(AR-BaFGC)0-177753/0
=040  \\$aAR-BaFGC$beng$cAR-BaFGC$dDLC$dUk$erda
=042  \\$aukblderived
=043  \\$as-ag---
=050  00$aF2821.1.N68$bA58 2014
=245  00$aAntropología biológica y estudios del comportamiento mortuorio de los pueblos prehispánicos del Noroeste argentino /$cVerónica Seldes y María Soledad Gheggi (editoras).
=264  \1$aCiudad Autónoma de Buenos Aires, República Argentina :$bFHN, Fundación de Historia Natural Félix de Azara,$c[2014?]
=300  \\$a245 pages :$billustrations ;$c24 cm
=336  \\$atext$2rdacontent
=337  \\$aunmediated$2rdamedia
=338  \\$avolume$2rdacarrier
=504  \\$aIncludes bibliographical references.
=650  \0$aIndians of South America$zArgentina, Northwest$xAntiquities.
=650  \0$aHuman remains (Archaeology)$zArgentina, Northwest.
=650  \0$aIndians of South America$xFuneral customs and rites$zArgentina, Northwest.
=650  \0$aExcavations (Archaeology)$zArgentina, Northwest.
=651  \0$aArgentina, Northwest$xAntiquities.
=700  1\$aSeldes, Verónica,$eeditor.
=700  1\$aGheggi, María Soledad,$eeditor.
=700  12$iContainer of (work):$aOrtiz, María Gabriela.$tRituales y memorias del pasado.
=852  41$aBritish Library$bHMNTS$jYF.2017.a.17687
=856  41$uhttp://core.cambeiro.com.ar/0-177753-0.pdf
=856  41$3Table of contents only$uhttp://www.loc.gov/catdir/toc/gc01/9789873781094.pdf
=CAT  \\$a6503$b40$c20170504$lBLL01$h1614
=CAT  \\$a10904$b40$c20170725$lBLL01$h1152
=CAT  \\$aBATCH-UPD$b40$c20170725$lBLL01$h1152
=FIN  \\$aY$d20170725
=FMT  \\$a  BK
=LAS  \\$aBATCH-UPD$b40$c20170725$lBLL01$h1152
=SRC  \\$aBLL02

