=LDR  01712 am a2200469 a 4500
=001  016485049
=003  Uk
=005  20150521144320.0
=008  120425s2012\\\\ag\\\\\\\b\\\\000\0\spa\d
=010  \\$a  2012377377
=020  \\$a9789872377984
=035  \\$a(AR-BaFGC)0-159016/6
=040  \\$aAR-BaFGC$cAR-BaFGC$dDLC$dUk
=042  \\$aukblderived
=043  \\$as-ag---
=050  00$aPQ7653$b.E724 2012
=245  00$aEscenas interrumpidas II :$bimágenes del fracaso, utopías y mitos de origen en la literatura nacional /$cMaría Coira, Rosalía Baltar, Carola Hermida, comp. ; Rosalía Baltar ... [et al.].
=246  3\$aEscenas interrumpidas 2
=246  3\$aEscenas interrumpidas dos
=250  \\$a1. ed.
=260  \\$a[Capital Federal i.e. Buenos Aires] :$bKatatay Ediciones,$c2012.
=300  \\$a182 p. ;$c20 cm.
=336  \\$atext$2rdacontent
=337  \\$aunmediated$2rdamedia
=338  \\$avolume$2rdacarrier
=490  0\$aEnsayos
=504  \\$aIncludes bibliographical references.
=650  \0$aArgentine literature$y20th century$xHistory and criticism.
=650  \0$aArgentine literature$y19th century$xHistory and criticism.
=700  1\$aCoira, María.
=700  1\$aBaltar, Rosalía.
=700  1\$aHermida, Carola.
=852  41$aBritish Library$bHMNTS$jYF.2015.a.10497
=856  41$3Table of contents only$uhttp://www.loc.gov/catdir/toc/gc01/9789872377984.pdf
=856  41$uhttp://core.cambeiro.com.ar/0-159016-6.pdf
=CAT  \\$a9518$b40$c20130830$lBLL01$h1042
=CAT  \\$a11002$b40$c20150521$lBLL01$h1443
=CAT  \\$aWR14_128$c20160226$lBLL01$h1627
=FIN  \\$aY$d20150521
=FMT  \\$a  BK
=LAS  \\$aWR14_128$b00$c20160226$lBLL01$h1627
=SRC  \\$aBLL02

