=LDR  01442 am a2200421 a 4500
=001  016485260
=003  Uk
=005  20150518103802.0
=008  121123s2012\\\\ag\\\\\\\b\\\\000\0\spa\d
=010  \\$a  2012519689
=020  \\$a9789872701529
=035  \\$a(AR-BaFGC)0-158874/4
=040  \\$aAR-BaFGC$cAR-BaFGC$dDLC$dUk
=042  \\$aukblcatcopy
=043  \\$as-py---
=050  00$aF2689.2$b.F73 2012
=245  00$aFranquismo en Paraguay :$bel golpe /$cRocco Carbone, Lorena Soler, eds.
=260  \\$aBuenos Aires :$bEl 8vo. Loco Ediciones,$cc2012.
=300  \\$a146 pages ;$c20 cm.
=336  \\$atext$2rdacontent
=337  \\$aunmediated$2rdamedia
=338  \\$avolume$2rdacarrier
=490  0\$aColección A la mandíbula ;$v5
=504  \\$aIncludes bibliographical references.
=600  10$aLugo Méndez, Fernando,$d1951-$xImpeachment.
=651  \0$aParaguay$xPolitics and government$y21st century.
=700  1\$aCarbone, Rocco,$d1975-
=700  1\$aSoler, Lorena.
=852  41$aBritish Library$bHMNTS$jYF.2015.a.9809
=856  41$uhttp://core.cambeiro.com.ar/0-158874-4.pdf
=856  41$3Table of contents only$uhttp://www.loc.gov/catdir/toc/gc01/9789872701529.pdf
=CAT  \\$a6503$b40$c20130830$lBLL01$h1557
=CAT  \\$a5703$b40$c20150518$lBLL01$h1038
=CAT  \\$aWR14_128$c20160226$lBLL01$h1627
=FIN  \\$aY$d20150518
=FMT  \\$a  BK
=LAS  \\$aWR14_128$b00$c20160226$lBLL01$h1627
=SID  \\$aZ39$bLOC

