=LDR  01534 am a22004217a 4500
=001  016487438
=003  Uk
=005  20150417102435.0
=008  121203s2012\\\\ag\\\\\\\b\\\\000\0\spa\d
=010  \\$a  2012519674
=020  \\$a9789507543814
=035  \\$a(AR-BaFGC)0-156261/8
=040  \\$aAR-BaFGC$cAR-BaFGC$dDLC$dUk
=042  \\$aukblderived
=043  \\$acl-----
=050  00$aF1414.3$b.E43 2012
=245  03$aLa emancipación de América Latina :$bnuevas estrategias /$cMario Toer [director] ; y equipo, Pablo Martínez Sameck ... [et al.].
=260  \\$aBuenos Aires :$bPeña Lillo :$bEdiciones Continente,$c[2012]
=300  \\$a191 p. ;$c23 cm.
=336  \\$atext$2rdacontent
=337  \\$aunmediated$2rdamedia
=338  \\$avolume$2rdacarrier
=490  0\$aBiblioteca artillería del pensamiento
=504  \\$aIncludes bibliographical references.
=650  \0$aSocialism$zLatin America.
=651  \0$aLatin America$xPolitics and government$y21st century.
=651  \0$aLatin America$xPolitics and government$y20th century.
=700  1\$aToer, Mario.
=852  41$aBritish Library$bHMNTS$jYF.2015.a.7842
=856  41$3Table of contents only$uhttp://www.loc.gov/catdir/toc/gc01/9789507543814.pdf
=856  41$uhttp://core.cambeiro.com.ar/0-156261-8.pdf
=CAT  \\$a6503$b40$c20130902$lBLL01$h0917
=CAT  \\$a11002$b40$c20150417$lBLL01$h1024
=CAT  \\$aWR14_128$c20160226$lBLL01$h1627
=FIN  \\$aY$d20150417
=FMT  \\$a  BK
=LAS  \\$aWR14_128$b00$c20160226$lBLL01$h1627
=SRC  \\$aBLL02

