=LDR  01756 am a22004457i 4500
=001  016563417
=003  Uk
=005  20160824080805.0
=008  150928s2011\\\\ag\a\\\\\b\\\f000\0\spa\d
=010  \\$a  2016365088
=020  \\$a9789503309339
=035  \\$a(AR-BaFGC)0-179881/1
=040  \\$aAR-BaFGC$beng$cAR-BaFGC$dDLC$dUk$erda
=042  \\$aukblcatcopy
=043  \\$as-ag---
=050  00$aPN6790.A7$bT46 2011
=245  00$aTeorías sobre la historieta /$crecher.
=264  \1$a[Córdoba, Argentina] :$bEscuela de Ciencias de la Información, Facultad de Derecho y Ciencias Sociales, Universidad Nacional de Córdoba,$c2011.
=300  \\$a119 pages :$billustrations ;$c22 cm.
=336  \\$atext$2rdacontent
=337  \\$aunmediated$2rdamedia
=338  \\$avolume$2rdacarrier
=490  0\$aColección Estudios y crítica de la historieta argentina ;$v3
=504  \\$aIncludes bibliographical references.
=650  \0$aComic books, strips, etc.$zArgentina$xHistory and criticism.
=700  1\$aSprecher, Roberto von$q(Roberto Héctor von),$d1951-$eeditor.
=700  1\$aReggiani, Federico,$eeditor.
=700  12$iContainer of (work):$aAguirre, Max,$d1971-$tCánon Mc Millan.
=852  41$aBritish Library$bHMNTS$jYF.2016.a.18970
=856  41$uhttp://core.cambeiro.com.ar/0-179881-1.pdf
=856  41$3Table of contents only$uhttp://www.loc.gov/catdir/toc/gc01/9789503309339.pdf
=CAT  \\$a6503$b40$c20131209$lBLL01$h1206
=CAT  \\$aFIX-001$c20151007$lBLL01$h1809
=CAT  \\$a11002$b40$c20160824$lBLL01$h0802
=CAT  \\$a11002$b40$c20160824$lBLL01$h0808
=CAT  \\$aBATCH-UPD$b40$c20161003$lBLL01$h2028
=FIN  \\$aY$d20160824
=FMT  \\$a  BK
=LAS  \\$aBATCH-UPD$b40$c20161003$lBLL01$h2028
=SRC  \\$aBLL02

