=LDR  01783cam a2200493 a 4500
=001  016620170
=003  Uk
=005  20150820154247.0
=008  130607s2013\\\\ag\\\\\\\b\\\f000\0\spa\d
=010  \\$a  2012516323
=020  \\$a9789871650439
=035  \\$a(AR-BaFGC)0-162812/5
=040  \\$aAR-BaFGC$cAR-BaFGC$dDLC$dUk
=042  \\$aukblcatcopy
=043  \\$as-ag---
=050  00$aF2849.3$b.D57 2013
=245  00$aDiscurso, política y acumulación en el kirchnerismo /$cJavier Balsa, compilador ; [J. Balsa ... et al.].
=260  \\$a[Buenos Aires?] :$bCentro Cultural de la Cooperación Floreal Gorini :$bUniversidad Nacional de Quilmes,$c[2013]
=300  \\$a458 pages ;$c23 cm.
=336  \\$atext$2rdacontent
=337  \\$aunmediated$2rdamedia
=338  \\$avolume$2rdacarrier
=490  0\$aPensamiento crítico
=504  \\$aIncludes bibliographical references.
=650  \0$aCulture$yCatalonia (Spain)
=650  \0$aPolitics$yCatalonia (Spain)
=650  \0$aDiscourse analysis.
=651  \0$aCatalonia (Spain)$xHistory.
=651  \0$aArgentina$xPolitics and government$y2002-
=651  \0$aArgentina$xEconomic policy.
=700  1\$aBalsa, Javier.
=852  41$aBritish Library$bHMNTS$jYF.2015.a.16981
=856  41$3Table of contents only$uhttp://www.loc.gov/catdir/toc/gc01/9789871650439.pdf
=856  41$uhttp://core.cambeiro.com.ar/0-162812-5.pdf
=CAT  \\$a9701$b40$c20140204$lBLL01$h1121
=CAT  \\$a11002$b40$c20140604$lBLL01$h0904
=CAT  \\$a5703$b40$c20150820$lBLL01$h1539
=CAT  \\$a5703$b40$c20150820$lBLL01$h1542
=CAT  \\$aWR14_128$c20160226$lBLL01$h1627
=CAT  \\$aW2308-1659$c20230923$lBLL01$h1024
=FIN  \\$aY$d20150820
=FMT  \\$a  BK
=LAS  \\$aW2308-1659$b00$c20230923$lBLL01$h1024
=SRC  \\$aBLL02

