=LDR  02227 am a2200553 i 4500
=001  016765377
=003  Uk
=005  20170518140718.0
=008  141119s2013\\\\ag\\\\\\\b\\\f000\0\spa\d
=010  \\$a  2014510343
=020  \\$a9789502321455
=020  \\$a9502321456
=035  \\$a(OCoLC)898990079
=040  \\$aAR-BaFGC$beng$cDLC$dNDD$dOCLCF$dOCLCO$dOCL$dI8M$dOCLCQ$dUk$erda
=042  \\$aukblderived
=043  \\$as-ag---
=050  00$aHN270.B8$bD46 2013
=245  04$aLos derechos sociales en la Gran Buenos Aires :$balgunas aproximaciones desde la teoría, las instituciones y la acción /$cLuciana Bercovich y Gustavo Maurino, coordinadores.
=264  \1$aCiudad de Buenos Aires :$bEudeba,$c[2013]
=300  \\$a587 pages ;$c24 cm
=336  \\$atext$btxt$2rdacontent
=337  \\$aunmediated$bn$2rdamedia
=338  \\$avolume$bnc$2rdacarrier
=504  \\$aIncludes bibliographical references.
=648  \7$a2000-2099$2fast
=650  \0$aSocial rights$zArgentina$zBuenos Aires Region.
=650  \0$aSocial rights$xPhilosophy.
=650  \4$aDerechos económicos y sociales$zArgentina$zBuenos Aires.
=650  \4$aDerechos civiles$zArgentina$zBuenos Aires.
=650  \7$aCivil rights.$2fast$0(OCoLC)fst00862627
=650  \7$aSocial conditions.$2fast$0(OCoLC)fst01919811
=650  \7$aSocial policy.$2fast$0(OCoLC)fst01122738
=650  \7$aSocial rights.$2fast$0(OCoLC)fst01122856
=651  \4$aBuenos Aires (Argentina)$xPolítica social.
=651  \4$aBuenos Aires (Argentina)$xCondiciones sociales$ySiglo XXI.
=651  \7$aArgentina$zBuenos Aires Metropolitan Area.$2fast$0(OCoLC)fst01342111
=700  1\$aBercovich, Luciana,$eeditor.
=700  1\$aMaurino, Gustavo,$eeditor.
=852  41$aBritish Library$bHMNTS$jYF.2017.a.13203
=856  41$3Table of contents$uhttp://catdir.loc.gov/catdir/toc/gc01/9789502321455.pdf
=856  41$uhttp://core.cambeiro.com.ar/0-170635-0.pdf
=CAT  \\$a6503$b40$c20140703$lBLL01$h1159
=CAT  \\$aBATCH-UPD$b40$c20150103$lBLL01$h0643
=CAT  \\$aFIX-001$c20151007$lBLL01$h1810
=CAT  \\$a11131$b40$c20170518$lBLL01$h1407
=FIN  \\$aY$d20170518
=FMT  \\$a  BK
=LAS  \\$a11131$b40$c20170518$lBLL01$h1407
=SID  \\$aZ39$bOCLC

