=LDR  01875 am a2200481 i 4500
=001  016780133
=003  Uk
=005  20160513125620.0
=008  140729s2013\\\\ag\a\\\\\b\\\f000\0\spa\d
=010  \\$a  2014512404
=020  \\$a9789503310335
=020  \\$a9503310334
=035  \\$a(OCoLC)907263484
=040  \\$aAR-BaFGC$beng$cDLC$dHLS$dN15$dOCLCF$dOCLCO$dOCL$dOCLCO$dUk$erda
=042  \\$aukblderived
=043  \\$as-ag---
=050  00$aLE21.C72$bF33 2013
=245  00$aFacultades de la UNC, 1854-2011 :$bsaberes, procesos políticos e institucionales /$cMónica Gordillo y Laura Valdemarca, coordinadoras.
=264  \1$a[Córdoba, Argentina] :$bUniversidad Nacional de Córdoba,$c[2013]
=300  \\$a384 pages :$billustrations ;$c27 cm.
=336  \\$atext$2rdacontent
=337  \\$aunmediated$2rdamedia
=338  \\$avolume$2rdacarrier
=490  0\$aColección 400 años. Los libros
=504  \\$aIncludes bibliographical references (pages 369-384).
=650  \0$aEducation, Higher$zArgentina$zCórdoba$xHistory.
=650  \7$aEducation$xCurricula.$2fast$0(OCoLC)fst00902556
=650  \7$aEducation, Higher.$2fast$0(OCoLC)fst00903005
=651  \7$aArgentina$zCórdoba.$2fast$0(OCoLC)fst01208241
=655  \7$aHistory.$2fast$0(OCoLC)fst01411628
=700  1\$aGordillo, Mónica,$eeditor.
=700  1\$aValdemarca, Laura,$eeditor.
=852  41$aBritish Library$bHMNTS$jYF.2016.b.1060
=856  41$uhttp://core.cambeiro.com.ar/0-168755-7.pdf
=856  41$3Table of contents only$uhttp://catdir.loc.gov/catdir/toc/gc01/9789503310335.pdf
=CAT  \\$a6503$b40$c20140710$lBLL01$h1336
=CAT  \\$aBATCH-UPD$b40$c20140710$lBLL01$h1336
=CAT  \\$aFIX-001$c20151007$lBLL01$h1810
=CAT  \\$a11131$b40$c20160513$lBLL01$h1256
=FIN  \\$aY$d20160513
=FMT  \\$a  BK
=LAS  \\$a11131$b40$c20160513$lBLL01$h1256
=SID  \\$aZ39$bOCLC

