=LDR  01564 am a2200421 a 4500
=001  016829001
=003  Uk
=005  20141201092703.0
=008  121017s2011\\\\ag\a\\\\\b\\\\000\0\spa\d
=010  \\$a  2012519313
=020  \\$a9789871397778
=035  \\$a(AR-BaFGC)0-165403/0
=040  \\$aAR-BaFGC$cAR-BaFGC$dDLC$dUk
=042  \\$aukblderived
=043  \\$as-ag---
=050  00$aF3021.A1$bD47 2011
=245  00$aDiscriminaciones étnicas y nacionales :$bun diagnóstico participativo /$cCorina Courtis, María Inés Pacecca, compiladoras.
=260  \\$a[Ciudad Autónoma de Buenos Aires?] :$bAsociación por los Derechos Civiles,$cc2011.
=300  \\$a306 p. :$bill. ;$c23 cm
=336  \\$atext$2rdacontent
=337  \\$aunmediated$2rdamedia
=338  \\$avolume$2rdacarrier
=504  \\$aIncludes bibliographical references.
=650  \0$aRacism$zArgentina$vCase studies.
=651  \0$aArgentina$xRace relations$vCase studies.
=651  \0$aArgentina$xEthnic relations$vCase studies.
=700  1\$aCourtis, Corina.
=700  1\$aPacecca, María Inés.
=710  2\$aAsociación por los Derechos Civiles (Buenos Aires, Argentina)
=852  41$aBritish Library$bHMNTS$jYF.2014.a.26553
=856  41$3Table of contents only$uhttp://www.loc.gov/catdir/toc/gc01/9789871397778.pdf
=856  41$uhttp://core.cambeiro.com.ar/0-165403-0.pdf
=CAT  \\$a9518$b40$c20140819$lBLL01$h1450
=CAT  \\$a10904$b40$c20141201$lBLL01$h0927
=FIN  \\$aY$d20141201
=FMT  \\$a  BK
=LAS  \\$a10904$b40$c20141201$lBLL01$h0927
=SRC  \\$aBLL02

