=LDR  01772cam a22004455i 4500
=001  016832504
=003  Uk
=005  20140912081135.0
=008  131107s2013\\\\ag\a\\\\\b\\\\100\0\spa\d
=010  \\$a  2012516218
=020  \\$a9789875746046
=035  \\$a(AR-BaFGC)0-171442/0
=040  \\$aAR-BaFGC$cAR-BaFGC$dDLC$dUk$erda
=042  \\$aukblderived
=050  00$aD16.9$b.S455 2013
=111  2\$aSeminario Internacional Políticas de la Memoria$n(3rd :$d2010 :$cBuenos Aires, Argentina)
=245  10$aWalter Benjamin en la ex ESMA :$bjusticia, historia y verdad : escrituras de la memoria /$cEduardo Jozami, Alejandro Kaufman, Miguel Vedda, compiladores.
=264  \1$aBuenos Aires, Argentina :$bPrometeo Libros,$c[2013]
=300  \\$a337 pages :$billustrations ;$c22 cm
=336  \\$atext$2rdacontent
=337  \\$aunmediated$2rdamedia
=338  \\$avolume$2rdacarrier
=504  \\$aIncludes bibliographical references.
=600  10$aBenjamin, Walter$xInfluence$vCongresses.
=650  \0$aHistory$xPhilosophy$vCongresses.
=650  \0$aCollective memory$vCongresses.
=700  1\$aJozami, Eduardo,$eeditor of compilation.
=700  1\$aKaufman, Alejandro,$eeditor of compilation.
=700  1\$aVedda, Miguel Angel,$eeditor of compilation.
=852  41$aBritish Library$bHMNTS$jYF.2014.a.19956
=856  41$uhttp://core.cambeiro.com.ar/0-171442-0.pdf
=856  41$3Table of contents only$uhttp://www.loc.gov/catdir/toc/gc01/9789875746046.pdf
=CAT  \\$a9701$b40$c20140820$lBLL01$h0923
=CAT  \\$a10904$b40$c20140912$lBLL01$h0811
=CAT  \\$aBATCH-UPD$b40$c20181206$lBLL01$h2033
=CAT  \\$aW2308-1659$c20230923$lBLL01$h1026
=FIN  \\$aY$d20140912
=FMT  \\$a  BK
=LAS  \\$aW2308-1659$b00$c20230923$lBLL01$h1026
=SRC  \\$aBLL02

