=LDR  01909 am a2200457 a 4500
=001  016832671
=003  Uk
=005  20141031113141.0
=008  130107s2012\\\\ag\\\\\\\b\\\\000\0\spa\d
=010  \\$a  2012519669
=020  \\$a9789871620883
=035  \\$a(AR-BaFGC)0-167355/0
=040  \\$aAR-BaFGC$cAR-BaFGC$dDLC$dUk
=042  \\$aukblderived
=043  \\$as-ag---$asp-----
=050  00$aHN270.B8$bD44 2012
=245  00$aDefinir al otro :$bel Río de la Plata en tiempos de cambio : 1776-1820 /$cMarcela Viviana Tejerina, compiladora.
=260  \\$aBahía Blanca, Argentina :$bEditorial de la Universidad Nacional del Sur,$cc2012.
=300  \\$a265 p. ;$c21 cm
=336  \\$atext$2rdacontent
=337  \\$aunmediated$2rdamedia
=338  \\$avolume$2rdacarrier
=504  \\$aIncludes bibliographical references.
=651  \0$aBuenos Aires (Argentina)$xSocial conditions$y18th century.
=651  \0$aBuenos Aires (Argentina)$xSocial conditions$y19th century.
=651  \0$aRio de la Plata Region (Argentina and Uruguay)$xSocial conditions$y18th century.
=651  \0$aRio de la Plata Region (Argentina and Uruguay)$xSocial conditions$y19th century.
=651  \0$aBuenos Aires (Argentina)$xHistory$y18th century.
=651  \0$aBuenos Aires (Argentina)$xHistory$y19th century.
=651  \0$aRio de la Plata Region (Argentina and Uruguay)$xHistory$y18th century.
=651  \0$aRio de la Plata Region (Argentina and Uruguay)$xHistory$y19th century.
=700  1\$aTejerina, Marcela.
=852  41$aBritish Library$bHMNTS$jYF.2014.a.24217
=856  41$3Table of contents only$uhttp://www.loc.gov/catdir/toc/gc01/9789871620883.pdf
=856  41$uhttp://core.cambeiro.com.ar/0-167355-0.pdf
=CAT  \\$a9701$b40$c20140820$lBLL01$h1327
=CAT  \\$a10904$b40$c20141031$lBLL01$h1131
=FIN  \\$aY$d20141031
=FMT  \\$a  BK
=LAS  \\$a10904$b40$c20141031$lBLL01$h1131
=SRC  \\$aBLL02

