=LDR  01754 am a2200469 i 4500
=001  016992838
=003  Uk
=005  20160130090133.0
=008  150421e201312\\ag\a\\\\\b\\\\000\0dspa\d
=010  \\$a  2014512569
=020  \\$a9789872267216
=035  \\$a(AR-BaFGC)0-147628/3
=040  \\$aAR-BaFGC$beng$cAR-BaFGC$dDLC$dUk$erda
=042  \\$aukblcatcopy
=043  \\$as-ag---
=050  00$aF2849.2$b.C4529 2013
=130  0\$aChe (Buenos Aires, Argentina : 2013)
=245  10$aChe :$buna revista de la "nueva izquierda" (1960-1961) /$cMaría Cristina Tortti (antologiá y estudio preliminar).
=250  \\$a1a ed.
=264  \1$aCiudad Autónoma de Buenos Aires :$bCeDInCI Editores,$cdiciembre 2013.
=300  \\$a362 pages :$billustrations ;$c23 cm.
=336  \\$atext$2rdacontent
=337  \\$aunmediated$2rdamedia
=338  \\$avolume$2rdacarrier
=490  0\$aColección Antologías y documentos ;$v3
=500  \\$aSelection of articles and graphic content from Che magazine.
=504  \\$aIncludes bibliographical references.
=650  \0$aCommunism$zArgentina.
=650  \0$aPeronism.
=651  \0$aArgentina$xPolitics and government$y1955-1983.
=700  1\$aTortti, María Cristina,$eeditor,$ewriter of added commentary.
=730  0\$aChe (Buenos Aires, Argentina)
=852  41$aBritish Library$bHMNTS$jYF.2016.a.2950
=856  41$uhttp://core.cambeiro.com.ar/0-147628-3.pdf
=856  41$3Table of contents only$uhttp://www.loc.gov/catdir/toc/gc01/9789872267216.pdf
=CAT  \\$a8157$b40$c20141229$lBLL01$h1423
=CAT  \\$a5703$b40$c20150811$lBLL01$h1501
=CAT  \\$a11002$b40$c20160130$lBLL01$h0901
=FIN  \\$aY$d20160130
=FMT  \\$a  BK
=LAS  \\$a11002$b40$c20160130$lBLL01$h0901
=SRC  \\$aBLL02

