=LDR  01910 am a2200481 i 4500
=001  016993668
=003  Uk
=005  20150721125942.0
=008  140109s2013\\\\ag\a\\\\\b\\\f000\0\spa\d
=010  \\$a  2012516310
=020  \\$a9789503409824
=035  \\$a(AR-BaFGC)0-165620/3
=040  \\$aAR-BaFGC$beng$cAR-BaFGC$dDLC$dUk$erda
=042  \\$aukblderived
=043  \\$as-ag---
=050  00$aHN263.5$b.P495 2013
=245  00$aPeronismos, izquierdas y organizaciones populares :$bmovimientos e identidades políticas en la Argentina contemporánea /$cMartín Retamozo, Mauricio Schuttenberg, Aníbal Viguera, compiladores.
=250  \\$aPrimera edición.
=264  \1$aLa Plata, Buenos Aires, Argentina :$bEditorial de la Universidad de La Plata,$c2013.
=300  \\$a281 pages :$b1 illustration ;$c21 cm.
=336  \\$atext$2rdacontent
=337  \\$aunmediated$2rdamedia
=338  \\$avolume$2rdacarrier
=490  0\$aColección Problemas sociales : debates pendientes
=504  \\$aIncludes bibliographical references.
=650  \0$aSocial movements$xPolitical aspects$zArgentina.
=650  \0$aPeronism.
=650  \0$aUnemployed$xPolitical activity$zArgentina.
=651  \0$aArgentina$xPolitics and government$y2002-
=651  \0$aBuenos Aires (Argentina : Province)$xSocial policy.
=700  1\$aRetamozo, Martín,$eeditor.
=700  1\$aSchuttenberg, Mauricio,$eeditor.
=700  1\$aViguera, Aníbal,$eeditor.
=852  41$aBritish Library$bHMNTS$jYF.2015.a.14674
=856  41$uhttp://core.cambeiro.com.ar/0-165620-3.pdf
=856  41$3Table of contents only$uhttp://www.loc.gov/catdir/toc/gc01/9789503409824.pdf
=CAT  \\$a8157$b40$c20141231$lBLL01$h1120
=CAT  \\$a11002$b40$c20150721$lBLL01$h1259
=CAT  \\$aBATCH-UPD$b40$c20160706$lBLL01$h1635
=FIN  \\$aY$d20150721
=FMT  \\$a  BK
=LAS  \\$aBATCH-UPD$b40$c20160706$lBLL01$h1635
=SRC  \\$aBLL02

