=LDR  01629 am a2200445 i 4500
=001  016993784
=003  Uk
=005  20160130101448.0
=008  140717s2014\\\\ag\a\\\\\b\\\f000\0\spa\d
=010  \\$a  2014510419
=020  \\$a9789876301749
=035  \\$a(AR-BaFGC)0-162470/5
=040  \\$aAR-BaFGC$beng$cAR-BaFGC$dDLC$dUk$erda
=042  \\$aukblcatcopy
=043  \\$as-ag---
=050  00$aHD2961$b.E24 2014
=245  03$aLa economía social desde la periferia :$bcontribuciones latinoamericanas /$corganizador, José Luis Coraggio.
=264  \1$aLos Polvorines, Prov. de Buenos Aires, Argentina :$bUniversidad Nacional de General Sarmiento,$c[2014]
=300  \\$a413 pages :$billustrations ;$c22 cm.
=336  \\$atext$2rdacontent
=337  \\$aunmediated$2rdamedia
=338  \\$avolume$2rdacarrier
=490  0\$aColección Lecturas de economía social
=504  \\$aIncludes bibliographical references.
=650  \0$aCooperation.
=650  \0$aEconomics$xSociological aspects.
=650  \0$aSolidarity.
=650  \0$aCooperation$zLatin America.
=700  1\$aCoraggio, José Luis,$eeditor,$eauthor.
=852  41$aBritish Library$bHMNTS$jYF.2016.a.2816
=856  41$3Table of contents only$uhttp://www.loc.gov/catdir/toc/gc01/9789876301749.pdf
=856  41$uhttp://core.cambeiro.com.ar/0-162470-5.pdf
=CAT  \\$a8157$b40$c20141231$lBLL01$h1406
=CAT  \\$aBATCH-UPD$b40$c20141231$lBLL01$h1406
=CAT  \\$aFIX-001$c20151007$lBLL01$h1811
=CAT  \\$a11002$b40$c20160130$lBLL01$h1014
=FIN  \\$aY$d20160130
=FMT  \\$a  BK
=LAS  \\$a11002$b40$c20160130$lBLL01$h1014
=SRC  \\$aBLL02

