=LDR  01888 am a22004817i 4500
=001  016993792
=003  Uk
=005  20160520143230.0
=008  150120e201404\\ag\a\\\\\b\\\\100\0\spa\d
=010  \\$a  2014510330
=020  \\$a9789877220193
=035  \\$a(AR-BaFGC)0-176970/0
=040  \\$aAR-BaFGC$beng$cAR-BaFGC$dDLC$dUk$erda
=042  \\$aukblcatcopy
=043  \\$acl-----
=050  00$aHV4050.5.A5$bI58 2012
=111  2\$aInternational Congress of Americanists$n(54th :$d2012 :$cVienna, Austria)
=245  10$aCiudades latinoamericanas :$bdesigualdad, segregación y tolerancia /$cMercedes Di Virgilio y Mariano Perelman (coordinadores) ; Daniela Soldano [and 12 others].
=250  \\$aPrimera edición.
=264  \1$aCiudad de Buenos Aires, Argentina :$bCLACSO,$cabril de 2014.
=300  \\$a276 pages :$billustrations ;$c23 cm
=336  \\$atext$2rdacontent
=337  \\$aunmediated$2rdamedia
=338  \\$avolume$2rdacarrier
=504  \\$aIncludes bibliographical references.
=650  \0$aUrban poor$zLatin America$vCongresses.
=650  \0$aEquality$zLatin America$vCongresses.
=650  \0$aCities and towns$xSocial aspects$zLatin America$vCongresses.
=700  1\$aDi Virgilio, María Mercedes,$eeditor.
=700  1\$aPerelman, Mariano,$eeditor.
=852  41$aBritish Library$bHMNTS$jYF.2016.a.12405
=856  41$uhttp://core.cambeiro.com.ar/0-176970-0.pdf
=856  41$3Table of contents only$uhttp://www.loc.gov/catdir/toc/gc01/9789877220193.pdf
=CAT  \\$a8157$b40$c20141231$lBLL01$h1413
=CAT  \\$aBATCH-UPD$b40$c20141231$lBLL01$h1413
=CAT  \\$a8157$b40$c20150102$lBLL01$h0745
=CAT  \\$a6923$b40$c20150505$lBLL01$h1206
=CAT  \\$aBATCH-UPD$b40$c20151106$lBLL01$h2054
=CAT  \\$a11002$b40$c20160520$lBLL01$h1432
=FIN  \\$aY$d20160520
=FMT  \\$a  BK
=LAS  \\$a11002$b40$c20160520$lBLL01$h1432
=SRC  \\$aBLL02

