=LDR  02194 am a22005177i 4500
=001  016993844
=003  Uk
=005  20150507095350.0
=008  140702s2014\\\\ag\a\\\\\b\\\\100\0\spa\d
=010  \\$a  2014510384
=020  \\$a9789507544590 (paperback)
=035  \\$a(AR-BaFGC)0-173659/3
=040  \\$aAR-BaFGC$beng$cAR-BaFGC$dDLC$dUk$erda
=042  \\$aukblderived
=043  \\$acl-----
=050  00$aHD5660.L29$bE54 2013b
=111  2\$aEncuentro Internacional "La Economía de los Trabajadores"$n(4th :$d2013 :$cJoão Pessoa, Paraíba, Brazil)
=245  10$aTrabajo informal, economía solidaria y autogestión :$bprecariedad laboral y resistencia en la globalización /$cMarco Augusto Gómez Solórzano, Celia Pacheco Reyes (compiladores).
=264  \1$aBuenos Aires, Argentina :$bPeña Lillo, Ediciones Continente,$c[2014]
=300  \\$a159 pages :$billustrations ;$c23 cm.
=336  \\$atext$2rdacontent
=337  \\$aunmediated$2rdamedia
=338  \\$avolume$2rdacarrier
=490  0\$aBiblioteca Economía de los trabajadores
=490  0\$aColección Análisis y reflexiones
=504  \\$aIncludes bibliographical references.
=650  \0$aManagement$xEmployee participation$zLatin America$vCongresses.
=650  \0$aCooperation$zLatin America$vCongresses.
=650  \0$aPrecarious employment$zLatin America$vCongresses.
=700  1\$aGómez Solórzano, Marco A.,$eeditor.
=700  1\$aPacheco Reyes, Celia,$eeditor.
=710  2\$aUniversidad de Buenos Aires.$bPrograma Facultad Abierta,$esponsoring body.
=852  41$aBritish Library$bHMNTS$jYF.2015.a.8994
=856  41$uhttp://core.cambeiro.com.ar/0-173659-3.pdf
=856  41$3Table of contents only$uhttp://www.loc.gov/catdir/toc/gc01/9789507544590.pdf
=985  \\$eGC-FY15
=CAT  \\$a8157$b40$c20141231$lBLL01$h1507
=CAT  \\$aBATCH-UPD$b40$c20150306$lBLL01$h2021
=CAT  \\$a6923$b40$c20150505$lBLL01$h1025
=CAT  \\$a10804$b40$c20150507$lBLL01$h0953
=CAT  \\$aBATCH-UPD$b40$c20151122$lBLL01$h2308
=CAT  \\$aBATCH-UPD$b40$c20160109$lBLL01$h1717
=FIN  \\$aY$d20150505
=FMT  \\$a  BK
=LAS  \\$aBATCH-UPD$b40$c20160109$lBLL01$h1717
=SID  \\$aZ39$bLOC

