=LDR  02096 am a2200505 i 4500
=001  016994815
=003  Uk
=005  20150506125351.0
=008  150219p2014\\\\ag\a\\\\\bq\\\000\0\spa\d
=010  \\$a  2014510591
=020  \\$a9789873754012 (paperback)
=035  \\$a(AR-BaFGC)0-147102/2
=040  \\$aAR-BaFGC$beng$cAR-BaFGC$dDLC$dUk$erda
=042  \\$aukblderived
=043  \\$as-ag---
=050  00$aPN1993.5.A7$bT73 2014
=245  00$aTránsitos de la mirada :$bmujeres que hacen cine /$cPaulina Bettendorff, Agustina Pérez Rial, editoras ; autores: Ana Amado, Gustavo Aprea, Leonor Arfuch, Paulina Bettendorff, Ana Forcinito, Paola Margulis, David Oubiña, Agustina Pérez Rial.
=250  \\$aPrimera edición.
=264  \1$aBuenos Aires :$bLibraria,$c2014.
=300  \\$a255 pages :$billustrations ;$c21 cm.
=336  \\$atext$2rdacontent
=337  \\$aunmediated$2rdamedia
=338  \\$avolume$2rdacarrier
=490  0\$aBiblioteca de cine ;$v3
=504  \\$aIncludes bibliographical references and filmography.
=650  \0$aMotion pictures$zArgentina$xHistory$y20th century.
=650  \0$aMotion pictures$zArgentina$xHistory$y21st century.
=650  \0$aWomen motion picture producers and directors$zArgentina$vInterviews.
=700  1\$aBettendorff, Paulina,$eeditor,$eauthor.
=700  1\$aPérez Rial, Augustina,$eeditor,$eauthor.
=700  12$iContainer of (work)$aPérez Rial, Agustina.$tCartografiando miradas.
=852  41$aBritish Library$bHMNTS$jYF.2015.a.9028
=856  41$3Table of contents only$uhttp://www.loc.gov/catdir/toc/gc01/9789873754012.pdf
=856  41$uhttp://core.cambeiro.com.ar/0-147102-2.pdf
=985  \\$eGC-FY15
=CAT  \\$a6503$b40$c20150102$lBLL01$h1157
=CAT  \\$aBATCH-UPD$b40$c20150411$lBLL01$h1712
=CAT  \\$a6923$b40$c20150505$lBLL01$h0933
=CAT  \\$a10804$b40$c20150506$lBLL01$h1253
=CAT  \\$aBATCH-UPD$b40$c20150506$lBLL01$h1254
=CAT  \\$aBATCH-UPD$b40$c20151004$lBLL01$h2207
=FIN  \\$aY$d20150505
=FMT  \\$a  BK
=LAS  \\$aBATCH-UPD$b40$c20151004$lBLL01$h2207
=SID  \\$aZ39$bLOC

