=LDR  02339 am a22005057a 4500
=001  017078627
=003  Uk
=005  20160525120034.0
=008  121107s2012\\\\ag\\\\\\\b\\\\100\0\spa\d
=010  \\$a  2012377994
=020  \\$a9789872457730 (paperback)
=035  \\$a(AR-BaFGC)0-141574/5
=040  \\$aAR-BaFGC$cAR-BaFGC$dDLC$dUk
=042  \\$aukblderived
=043  \\$as-ag---$ae-uk-w-
=050  00$aF2936$b.F665 2010
=111  2\$aForo Internacional sobre los Galeses en la Patagonia$n(5th :$d2010 :$cPuerto Madryn, Argentina)
=245  14$aLos galeses en la Patagonia V :$bselección de trabajos presentados en el V Foro sobre el tema realizado en Puerto Madryn en el año 2010 /$cFernando Coronato y Marcelo Gavirati, compiladores , editado por Asociación Punta Cuevas, Asociación Cultural Galesa de Puerto Madryn, Centro de Estudios Históricos y Sociales de Puerto Madryn.
=246  3\$aGaleses en la Patagonia 5
=246  3\$aGaleses en la Patagonia cinco
=260  \\$aPuerto Madryn, Chubut [Argentina] :$bAsociación Punta Cuevas :$bAsociación Cultura Galesa de Puerto Madryn :$bCentro de Estudios Históricos y Sociales de Puerto Madryn,$c2012.
=300  \\$a329 pages ;$c22 cm
=336  \\$atext$2rdacontent
=337  \\$aunmediated$2rdamedia
=338  \\$avolume$2rdacarrier
=504  \\$aIncludes bibliographical references.
=650  \0$aWelsh$zPatagonia (Argentina and Chile)$xHistory$vCongresses.
=650  \0$aImmigrants$zPatagonia (Argentina and Chile)$xHistory$vCongresses.
=651  \0$aPatagonia (Argentina and Chile)$xColonization$vCongresses.
=700  1\$aCoronato, Fernando.
=700  1\$aGavirati, Marcelo,$d1954-
=710  2\$aAsociación Punta Cuevas.
=710  2\$aAsociación Cultural Galesa de Puerto Madryn.
=710  2\$aCentro de Estudios Históricos y Sociales.
=852  41$aBritish Library$bHMNTS$jYF.2016.a.12842
=856  41$3Table of contents only$uhttp://www.loc.gov/catdir/toc/gc01/9789872457730.pdf
=856  41$uhttp://core.cambeiro.com.ar/0-141574-5.pdf
=CAT  \\$a8157$b40$c20150223$lBLL01$h1514
=CAT  \\$aWR14_128$c20160226$lBLL01$h1630
=CAT  \\$a6923$b40$c20160524$lBLL01$h0947
=CAT  \\$a8962$b40$c20160525$lBLL01$h1200
=FIN  \\$aY$d20160524
=FMT  \\$a  BK
=LAS  \\$a8962$b40$c20160525$lBLL01$h1200
=SRC  \\$aBLL02

