=LDR  02208 am a22004817i 4500
=001  017078630
=003  Uk
=005  20160524103457.0
=008  141204s2014\\\\ag\\\\\\\b\\\\100\0\spa\d
=010  \\$a  2014510127
=020  \\$a9789872457754 (paperback)
=035  \\$a(AR-BaFGC)0-141574/6
=040  \\$aAR-BaFGC$beng$cAR-BaFGC$dDLC$dUk$erda
=042  \\$aukblderived
=043  \\$as-ag---
=050  00$aF2936$b.F665 2012
=111  2\$aForo Internacional sobre los Galeses en la Patagonia$n(6th :$d2012 :$cPuerto Madryn, Argentina)
=245  14$aLos galeses en la Patagonia VI :$bselección de trabajos presentados en el VI Foro sobre el tema realizado en Puerto Madryn en el año 2012 /$cMarcelo Gavirati y Fernando Coronato (compiladores) ; comité editor, Hugo Álvarez (RIP), Fernando Coronato, Marcelo Gavirati, Nelcis Jones.
=246  3\$aGaleses en la Patagonia 6
=246  3\$aGaleses en la Patagonia seis
=264  \1$aPuerto Madryn [Argentina] :$bAsociación Punta Cuevas :$bAsociación Cultural Galesa de Puerto Madryn :$bCentro de Estudios Históricos y Sociales de Puerto Madryn,$c2014.
=300  \\$a286 pages ;$c22 cm
=336  \\$atext$2rdacontent
=337  \\$aunmediated$2rdamedia
=338  \\$avolume$2rdacarrier
=504  \\$aIncludes bibliographical references.
=650  \0$aWelsh$zPatagonia (Argentina and Chile)$vCongresses.
=651  \0$aPatagonia (Argentina and Chile)$xEthnic relations$vCongresses.
=700  1\$aGavirati, Marcelo,$eeditor.
=700  1\$aCoronato, Fernando,$eeditor.
=710  2\$aAsociación Punta Cuevas,$esponsoring body.
=710  2\$aAsociación Cultural Galsea de Puerto Madryn,$esponsoring body.
=710  2\$aCentro de Estudios Históricos y Sociales,$esponsoring body.
=852  41$aBritish Library$bHMNTS$jYF.2016.a.12843
=856  41$3Table of contents only$uhttp://www.loc.gov/catdir/toc/gc01/9789872457754.pdf
=856  41$uhttp://core.cambeiro.com.ar/0-141574-6.pdf
=CAT  \\$a8157$b40$c20150223$lBLL01$h1519
=CAT  \\$a8874$b40$c20150227$lBLL01$h1154
=CAT  \\$a6923$b40$c20160524$lBLL01$h1034
=FIN  \\$aY$d20160524
=FMT  \\$a  BK
=LAS  \\$a6923$b40$c20160524$lBLL01$h1034
=SRC  \\$aBLL02

