=LDR  01898 am a2200481 i 4500
=001  017182308
=003  Uk
=005  20160126095333.0
=008  150629s2013\\\\ag\\\\\\\b\\\f010\0\spa\d
=010  \\$a  2014512420
=020  \\$a9789507214387
=020  \\$a9507214380
=035  \\$a(OCoLC)930575842
=040  \\$aAR-BaFGC$beng$cDLC$dOCLCO$dOCLCF$dUk$erda
=042  \\$aukblderived
=043  \\$acl-----
=050  00$aB1034.R584$bN67 2013
=245  00$aNosotros los latinoamericanos :$bidentidad y diversidad : homenaje a Arturo A. Roig /$cMaría Luisa Rubinelli (compiladora).
=246  18$aNosotros los latinoamricanos
=264  \1$aSan Salvador de Jujuy, Provincia de Jujuy, Argentina :$bEdiUnju,$c2013.
=300  \\$a167 pages ;$c21 cm.
=336  \\$atext$2rdacontent
=337  \\$aunmediated$2rdamedia
=338  \\$avolume$2rdacarrier
=490  0\$aColección "Cultura e identidad"
=504  \\$aIncludes bibliographical references.
=600  10$aRoig, Arturo Andrés.
=600  17$aRoig, Arturo Andrés$2fast$0(OCoLC)fst00068676
=650  \0$aNational characteristics, Latin American.
=650  \7$aNational characteristics, Latin American.$2fast$0(OCoLC)fst01033468
=700  1\$aRubinelli, María Luisa.
=700  12$aArpini, Adriana.$tFilosofía latinoamericana como saber de vida y sus formas de saber histórico en textos de Arturo Andrés Roig.
=852  41$aBritish Library$bHMNTS$jYF.2016.a.2640
=856  41$uhttp://core.cambeiro.com.ar/0-178961-1.pdf
=856  41$3Table of contents only$uhttp://catdir.loc.gov/catdir/toc/gc01/9789507214387.pdf
=CAT  \\$a9518$b40$c20150505$lBLL01$h1536
=CAT  \\$aBATCH-UPD$b40$c20150505$lBLL01$h1538
=CAT  \\$aFIX-001$c20151007$lBLL01$h1812
=CAT  \\$a11131$b40$c20160126$lBLL01$h0953
=FIN  \\$aY$d20160126
=FMT  \\$a  BK
=LAS  \\$a11131$b40$c20160126$lBLL01$h0953
=SID  \\$aZ39$bOCLC

