=LDR  01697 am a2200385 i 4500
=001  017439994
=003  Uk
=005  20150903131028.0
=008  150306s2014\\\\ag\\\\\\\b\\\\000\0dspa\d
=010  \\$a  2014510572
=020  \\$a9789872966935
=035  \\$a(AR-BaFGC)0-177850/0
=040  \\$aAR-BaFGC$beng$cAR-BaFGC$dDLC$dUk$erda
=042  \\$aukblderived
=050  00$aPQ7798.29.A52$bZ925 2014
=245  00$aVisiones de Sánchez :$b15 testimonios /$cMariano Fiszman y Pablo Ingberg (compiladores) ; Ruy Rodríguez, Rodolfo Alonso, Germán garcía, Luisa Valenzuela, J. Ernesto Ayala-Dip, Albert Bensoussan, Liliana Guaragno, Hugo Savino, Carlos Riccardo, Liliana Heer, Pablo Ingberg, Mónica volonteri, Jorge Quiroga, Mariano Fiszman, Roberto Raschella.
=264  \1$a[Buenos Aires, Argentna] :$bLa Comarca Libros,$c[2014]
=300  \\$a127 pages ;$c20 cm
=336  \\$atext$2rdacontent
=337  \\$aunmediated$2rdamedia
=338  \\$avolume$2rdacarrier
=504  \\$aIncludes bibliographical references.
=600  10$aSánchez, Néstor,$d1935-2003$xCriticism and interpretation.
=700  1\$aFiszman, Mariano,$d1965-$eeditor,$eauthor.
=700  1\$aIngberg, Pablo,$d1960-$eeditor,$eauthor.
=700  12$iContainer of (work):$aIngberg, Pablo,$d1960-$tMúsica Sánchez.
=852  41$aBritish Library$bHMNTS$jYF.2015.a.17952
=856  41$3Table of contents only$uhttp://www.loc.gov/catdir/toc/gc01/9789872966935.pdf
=856  41$uhttp://core.cambeiro.com.ar/0-177850-0.pdf
=CAT  \\$a6503$b40$c20150709$lBLL01$h1454
=CAT  \\$a10904$b40$c20150903$lBLL01$h1310
=FIN  \\$aY$d20150903
=FMT  \\$a  BK
=LAS  \\$a10904$b40$c20150903$lBLL01$h1310
=SRC  \\$aBLL02

