=LDR  01512 am a2200421 i 4500
=001  017440014
=003  Uk
=005  20150922114646.0
=008  131101s2013\\\\ag\\\\\\\b\\\f000\0dspa\d
=010  \\$a  2012516243
=020  \\$a9789502321028
=035  \\$a(AR-BaFGC)0-170309/0
=040  \\$aAR-BaFGC$cAR-BaFGC$dDLC$dUk$erda
=042  \\$aukblderived
=043  \\$ae-sp---
=050  00$aPQ6601.Z3$bZ63 2013
=100  1\$aIllescas, Raúl,$eauthor.
=245  13$aLa escritura íntima de Manuel Azaña :$brecorridos críticos /$cRaúl Illescas, Adriana Minardi, Mirtha Rigoni, Marcelo Topuzian.
=250  \\$a1o edición.
=264  \1$aCiudad de Buenos Aires :$bEudeba,$cenero de 2013.
=300  \\$a150 pages ;$c20 cm
=336  \\$atext$2rdacontent
=337  \\$aunmediated$2rdamedia
=338  \\$avolume$2rdacarrier
=504  \\$aIncludes bibliographical references (pages 145-150).
=600  10$aAzaña, Manuel,$d1880-1940$xCriticism and interpretation.
=700  1\$aMinardi, Adriana,$d1982-$eauthor.
=700  1\$aRigoni, Mirtha,$eauthor.
=700  1\$aTopuzian, Marcelo,$eauthor.
=852  41$aBritish Library$bHMNTS$jYF.2015.a.19577
=856  41$3Table of contents only$uhttp://www.loc.gov/catdir/toc/gc01/9789502321028.pdf
=856  41$uhttp://core.cambeiro.com.ar/0-170309-0.pdf
=CAT  \\$a6503$b40$c20150709$lBLL01$h1531
=CAT  \\$a11131$b40$c20150922$lBLL01$h1146
=FIN  \\$aY$d20150922
=FMT  \\$a  BK
=LAS  \\$a11131$b40$c20150922$lBLL01$h1146
=SRC  \\$aBLL02

