=LDR  01627 am a2200445 a 4500
=001  015349119
=003  Uk
=005  20120528092857.0
=008  090721s2009\\\\ag\b\\\\\b\\\\000\0\spa\d
=010  \\$a  2009400256
=020  \\$a9789507867095 (pbk.)
=035  \\$a(AR-BaFGC)0-154476/0
=040  \\$aAR-BaFGC$beng$cAR-BaFGC$dDLC$dUk
=042  \\$aukblsr
=043  \\$as-ag---
=050  00$aHD9506.A62$bM56 2009
=245  00$aMinería transnacional, narrativas del desarrollo y resistencias sociales /$cMaristella Svampa, Mirta A. Antonelli, editoras ; Mirta Antonelli ... [et al.].
=260  \\$aBuenos Aires :$bEditorial Biblos,$cc2009.
=300  \\$a319 p. :$b2 maps ;$c23 cm.
=336  \\$atext$2rdacontent
=337  \\$aunmediated$2rdamedia
=338  \\$avolume$2rdacarrier
=490  0\$aSociedad
=504  \\$aIncludes bibliographical references (p. 309-316).
=650  \0$aMineral industries$xSocial aspects$zArgentina.
=650  \0$aSocial movements$zArgentina.
=650  \0$aBusiness enterprises, Foreign$zArgentina.
=650  \0$aStrip mining$xEnvironmental aspects$zArgentina.
=651  \0$aArgentina$xSocial conditions$y1983-
=700  1\$aSvampa, Maristella.
=700  1\$aAntonelli, Mirta.
=852  41$aBritish Library$bHMNTS$jYF.2012.a.14846
=856  41$3Table of contents only$uhttp://www.loc.gov/catdir/toc/gc01/9789507867095.pdf
=856  41$uhttp://core.cambeiro.com.ar/0-154476-0.pdf
=CAT  \\$a6160$b40$c20090814$lBLL01$h0814
=CAT  \\$a7483$b40$c20120528$lBLL01$h0928
=FIN  \\$aY$d20120528
=FMT  \\$a  BK
=LAS  \\$a7483$b40$c20120528$lBLL01$h0928
=SRC  \\$aBLL02

