=LDR  01257 am a22003734a 4500
=001  015400845
=003  Uk
=005  20120707061952.0
=008  090807s2009\\\\ag\\\\\\\b\\\\000\0\spa\d
=010  \\$a  2009400288
=020  \\$a9789872436216
=035  \\$a(AR-BaFGC)0-155028/0
=040  \\$aAR-BaFGC$cAR-BaFGC$dDLC$dUk
=042  \\$aukblderived
=043  \\$as-ag---
=050  00$aF2831$b.P93 2009
=245  00$aProyecto Umbral :$bresignificar el pasado para conquistar el futuro /$c[Gustavo Cirigliano ... et al.].
=260  \\$a[Buenos Aires] :$bEdiciones CICCUS,$cc2009.
=300  \\$a755 p. ;$c28 cm.
=336  \\$atext$2rdacontent
=337  \\$aunmediated$2rdamedia
=338  \\$avolume$2rdacarrier
=504  \\$aIncludes bibliographical references (p. 727-736).
=651  \0$aArgentina$xHistory.
=700  1\$aCirigliano, Gustavo F. J.
=852  41$aBritish Library$bHMNTS$jYF.2012.b.1747
=856  41$3Table of contents only$uhttp://www.loc.gov/catdir/toc/gc01/9789872436216.pdf
=856  41$uhttp://core.cambeiro.com.ar/0-155028-0.pdf
=CAT  \\$a11375$b40$c20091026$lBLL01$h0928
=CAT  \\$a10904$b40$c20120707$lBLL01$h0619
=FIN  \\$aY$d20120707
=FMT  \\$a  BK
=LAS  \\$a10904$b40$c20120707$lBLL01$h0619
=SRC  \\$aBLL02

