=LDR  01699cam a22004694a 4500
=001  015416928
=003  Uk
=005  20100301110724.0
=008  090909s2009\\\\ag\\\\\\\b\\\\000\0\spa\d
=010  \\$a2009400355
=020  \\$a9789875743052
=035  \\$a(AR-BaFGC)0-148435/7
=040  \\$aAR-BaFGC$cAR-BaFGC$dDLC$dUk
=042  \\$aukblderived
=043  \\$anc-----
=050  00$aJL1416+
=100  1\$aTorres-Rivas, Edelberto.
=245  10$aCentroamérica :$bentre revoluciones y democracia /$cEdelberto Torres Rivas ; presentación, Jorge Rovira Mas.
=250  \\$a1. ed.
=260  \\$aBuenos Aires :$bCLACSO :$bPrometeo Libros,$cc2009.
=300  \\$a274 p. ;$c22 cm.
=336  \\$atext$2rdacontent
=337  \\$aunmediated$2rdamedia
=338  \\$avolume$2rdacarrier
=490  0\$aColección Pensamiento crítico latinoamericano
=504  \\$aIncludes bibliographical references (p. 257-274).
=650  \0$aDemocracy$zCentral America.
=650  \0$aPolitical participation.$zCentral America.
=650  \0$aPolitical parties$zCentral America.
=651  \0$aCentral America$xPolitics and government$y1979-
=651  \0$aCentral America$zEconomic conditions$y1979-
=852  41$aBritish Library$bHMNTS$jYF.2010.a.8390
=856  41$3Table of contents only$uhttp://www.loc.gov/catdir/toc/gc01/9789875743052.pdf
=856  41$uhttp://core.cambeiro.com.ar/0-148435-7.pdf
=CAT  \\$a8229$b40$c20091111$lBLL01$h1423
=CAT  \\$a10904$b40$c20100301$lBLL01$h1104
=CAT  \\$a10904$b40$c20100301$lBLL01$h1107
=CAT  \\$aW2308-1659$c20230923$lBLL01$h1049
=FIN  \\$aY$d20100301
=FMT  \\$a  BK
=LAS  \\$aW2308-1659$b00$c20230923$lBLL01$h1049
=SID  \\$aZ39$bLOC

