=LDR  01920cam a22005174a 4500
=001  015425757
=003  Uk
=005  20100211113433.0
=008  090618s2008\\\\ag\\\\\\\b\\\\000\0dspa\d
=010  \\$a2009400218
=020  \\$a9789502316390 (pbk.)
=035  \\$a(AR-BaFGC)0-12235/27
=040  \\$aAR-BaFGC$cAR-BaFGC$dDLC$dUk
=042  \\$aukblderived
=043  \\$as-ag---$acl-----
=050  00$aPQ7081$b.D (De) 2008
=245  00$aDe memoria :$btramas literarias y políticas : el pasado en cuestión /$ccompiladora Ana María Zubieta ; M. C. Ares ... [et al.].
=250  \\$a1a ed.
=260  \\$aCiudad de Buenos Aires :$bEudeba,$cc2008.
=300  \\$a215 p. ;$c23 cm.
=336  \\$atext$2rdacontent
=337  \\$aunmediated$2rdamedia
=338  \\$avolume$2rdacarrier
=490  0\$aEnsayos
=504  \\$aIncludes bibliographical references (p. 203-211).
=650  \0$aArgentine literature$y20th century$xHistory and criticism.
=650  \0$aLatin American literature$y20th century$xHistory and criticism.
=650  \0$aMemory in literature.
=650  \0$aExile (Punishment) in literature.
=650  \0$aLiterature and society$zArgentina.
=650  \0$aLiterature and society$zLatin America.
=700  1\$aZubieta, Ana María.
=700  1\$aAres, M. C.$q(María Cristina).
=852  41$aBritish Library$bHMNTS$jYF.2010.a.5329
=856  41$3Table of contents only$uhttp://www.loc.gov/catdir/toc/gc01/9789502316390.pdf
=856  41$uhttp://core.cambeiro.com.ar/0-12235-27.pdf
=CAT  \\$a11375$b40$c20091124$lBLL01$h0905
=CAT  \\$aBATCH-UPD$b40$c20091124$lBLL01$h0905
=CAT  \\$a8440$b40$c20100120$lBLL01$h0811
=CAT  \\$a10743$b40$c20100211$lBLL01$h1134
=CAT  \\$aBATCH-UPD$b40$c20190130$lBLL01$h1852
=CAT  \\$aW2308-1659$c20230923$lBLL01$h1050
=FIN  \\$aY$d20100120
=FMT  \\$a  BK
=LAS  \\$aW2308-1659$b00$c20230923$lBLL01$h1050
=SID  \\$aZ39$bLOC

