=LDR  01624 am a2200445 a 4500
=001  015426028
=003  Uk
=005  20121019115621.0
=008  100909s2008\\\\ag\a\\\\\b\\\\000\0\spa\d
=010  \\$a2010423906
=020  \\$a9789871304165 (pbk.)
=035  \\$a(AR-BaFGC)0-121783/10
=040  \\$aAR-BaFGC$beng$cAR-BaFGC$dDLC$dUk
=042  \\$aukblsr
=050  00$aPN56.T7$bD47 2008
=245  00$aDerroteros del viaje en la cultura :$bmito, historia y discurso /$cSandra Fernández, Patricio Geli, Margarita Pierini, editores.
=260  \\$aRosario :$bProhistoria Ediciones,$c2008.
=300  \\$a361 p. :$bill. ;$c23 cm.
=336  \\$atext$2rdacontent
=337  \\$aunmediated$2rdamedia
=338  \\$avolume$2rdacarrier
=490  0\$aColección Actas ;$v6
=504  \\$aIncludes bibliographical references.
=650  \0$aTravelers' writings$xHistory and criticism.
=650  \0$aTravel writing$xHistory.
=700  1\$aFernández, Sandra$q(Sandra R.).
=700  1\$aGeli, Patricio Andrés,$d1959-
=700  1\$aPierini, Margarita,$d1947-
=852  41$aBritish Library$bHMNTS$jYF.2012.a.29666
=856  41$3Table of contents only$uhttp://www.loc.gov/catdir/toc/gc01/9789871304165.pdf
=856  41$uhttp://core.cambeiro.com.ar/0-121783-10.pdf
=CAT  \\$a11375$b40$c20091124$lBLL01$h1216
=CAT  \\$a7416$b40$c20091231$lBLL01$h1556
=CAT  \\$aBATCH-UPD$b40$c20101230$lBLL01$h2130
=CAT  \\$a7483$b40$c20121019$lBLL01$h1156
=CAT  \\$aBATCH-UPD$b40$c20190114$lBLL01$h2019
=FIN  \\$aY$d20121019
=FMT  \\$a  BK
=LAS  \\$aBATCH-UPD$b40$c20190114$lBLL01$h2019
=SID  \\$aZ39$bLOC

