=LDR  01538cam a22004214a 4500
=001  015464606
=003  Uk
=005  20120811111151.0
=008  100518s2009\\\\sp\a\\\\\b\\\\000\0\spa\d
=010  \\$a2010423820
=020  \\$a9788483718308
=035  \\$a(AR-BaFGC)0-157668/0
=040  \\$aAR-BaFGC$cAR-BaFGC$dDLC$dUk
=042  \\$aukblderived
=043  \\$as-ag---
=050  00$aKHA2500$b.J87 2009
=245  00$aJusticias y fronteras :$bestudios sobre historia de la Justicia en el Río de la Plata, siglos XVI-XIX /$cDarío G. Barriera, compilador.
=250  \\$a1a ed.
=260  \\$aMurcia [Spain] :$bUniversidad de Murcia :$bRed Columnaria,$c2009.
=300  \\$a241 p. :$bill. ;$c23 cm.
=336  \\$atext$2rdacontent
=337  \\$aunmediated$2rdamedia
=338  \\$avolume$2rdacarrier
=490  0\$aEditum miradas
=504  \\$aIncludes bibliographical references.
=650  \0$aJustice, Administration of$zArgentine$xHistory$yTo 1810.
=650  \0$aJustice, Administration of$zArgentine$xHistory$y19th century.
=700  1\$aBarriera, Dario.
=852  41$aBritish Library$bHMNTS$jYF.2012.a.23352
=856  41$uhttp://core.cambeiro.com.ar/0-157668-0.pdf
=856  42$3Publisher description$uhttp://www.loc.gov/catdir/enhancements/fy1013/2010423820-d.html
=CAT  \\$a5703$b40$c20100114$lBLL01$h1441
=CAT  \\$a10904$b40$c20120811$lBLL01$h1111
=CAT  \\$aW2308-1659$c20230923$lBLL01$h1052
=FIN  \\$aY$d20120811
=FMT  \\$a  BK
=LAS  \\$aW2308-1659$b00$c20230923$lBLL01$h1052
=SID  \\$aZ39$bLOC

