=LDR  01504cam a22004214a 4500
=001  015573620
=003  Uk
=005  20110104105850.0
=008  100331s2008\\\\ag\a\\\\\b\\\f000\0\spa\d
=010  \\$a2010423013
=020  \\$a9789876410052
=035  \\$a(AR-BaFGC)0-153357/0
=040  \\$aAR-BaFGC$cAR-BaFGC$dDLC$dUk
=042  \\$aukblderived
=043  \\$as-ag---
=050  00$aGV1635$b.H57 2008
=245  00$aHistoria general de la danza en la Argentina.
=260  \\$aC.A. [i.e. Ciudad Autónoma] de Buenos Aires :$bFondo Nacional de las Artes,$c2008.
=300  \\$a391 p. :$bill. (some col.) ;$c23 x 24 cm.
=336  \\$atext$2rdacontent
=337  \\$aunmediated$2rdamedia
=338  \\$avolume$2rdacarrier
=504  \\$aIncludes bibliographical references.
=650  \0$aDance$zArgentina$xHistory$y19th century.
=650  \0$aBallet$zArgentina$xHistory$y19th century.
=650  \0$aDance$zArgentina$xHistory$y20th century.
=650  \0$aBallet$zArgentina$xHistory$y20th century.
=710  2\$aConsejo Argentino de la Danza.
=852  41$aBritish Library$bHMNTS$jLF.31.a.3270
=856  41$3Table of contents only$uhttp://www.loc.gov/catdir/toc/gc01/9789876410052.pdf
=856  41$uhttp://core.cambeiro.com.ar/0-153357-0.pdf
=CAT  \\$a8229$b40$c20100609$lBLL01$h0834
=CAT  \\$a8440$b40$c20110104$lBLL01$h1058
=CAT  \\$aW2308-1659$c20230923$lBLL01$h1057
=FIN  \\$aY$d20110104
=FMT  \\$a  BK
=LAS  \\$aW2308-1659$b00$c20230923$lBLL01$h1057
=SID  \\$aZ39$bLOC

