=LDR  01463cam a22004094a 4500
=001  015573642
=003  Uk
=005  20100811163211.0
=008  090831s2009\\\\ag\ab\\\\b\\\\000\0\spa\d
=010  \\$a  2009400344
=020  \\$a9789872282639 (pbk.)
=020  \\$a9872282633 (pbk.)
=035  \\$a(AR-BaFGC)0-154691/0
=040  \\$aAR-BaFGC$cAR-BaFGC$dDLC$dUk
=042  \\$aukblderived
=043  \\$as-ag---
=050  00$aHD2346.A7$bC66 2009
=245  00$aContra viento y marea :$bhistorias de pequeñas y medianas empresas argentinas /$cVicente Donato, María Inés Barbero, (compiladores).
=260  \\$aBuenos Aires :$bPrometeo Libros :$bBononiae Libris,$cc2009.
=300  \\$a742 p. :$bill., maps ;$c22 cm.
=336  \\$atext$2rdacontent
=337  \\$aunmediated$2rdamedia
=338  \\$avolume$2rdacarrier
=504  \\$aIncludes bibliographical references.
=650  \0$aSmall business$zArgentina$vCase studies.
=700  1\$aDonato, Vicente N.
=700  1\$aBarbero, María Inés.
=852  41$aBritish Library$bHMNTS$jYF.2010.a.21518
=856  41$3Table of contents only$uhttp://www.loc.gov/catdir/toc/gc01/9789872282639.pdf
=856  41$uhttp://core.cambeiro.com.ar/0-154691-0.pdf
=CAT  \\$a8229$b40$c20100609$lBLL01$h0900
=CAT  \\$a12630$b40$c20100811$lBLL01$h1632
=CAT  \\$aW2308-1659$c20230923$lBLL01$h1057
=FIN  \\$aY$d20100811
=FMT  \\$a  BK
=LAS  \\$aW2308-1659$b00$c20230923$lBLL01$h1057
=SRC  \\$aBLL02

