=LDR  02367cam a22004574a 4500
=001  015621957
=003  Uk
=005  20110117073614.0
=008  090907s2008\\\\ag\\\\\\\b\\\f000\0\spa\d
=010  \\$a  2009400354
=020  \\$a9789876041249
=035  \\$a(AR-BaFGC)0-154597/0
=040  \\$aAR-BaFGC$cAR-BaFGC$dDLC$dUk
=042  \\$aukblderived
=043  \\$acl-----
=050  00$aPQ7082.E8$bT73 2008
=245  00$aTravesías del ensayo latinoamericano del siglo XX /$cMaría del Pilar Vila ...[et al.] ; [María del Pilar Vila, Nelda Pilia de Assunçao, editoras].
=246  3\$aTravesías del ensayo latinoamericano del siglo 20
=246  3\$aTravesías del ensayo latinoamericano del siglo veinte
=250  \\$a1. ed.
=260  \\$aNeuquén [Argentina] :$bEDUCO, Editorial de la Universidad Nacional del Comahue,$c2008.
=300  \\$a165 p. ;$c21 cm.
=336  \\$atext$2rdacontent
=337  \\$aunmediated$2rdamedia
=338  \\$avolume$2rdacarrier
=504  \\$aIncludes bibliographical references.
=505  0\$aLa modalidad en La verdad de las mentiras de Mario Vargas Liosa / Paola Galbarini -- La lectura arqueológica como estrategia de construcción textual: "Democratización en el Brasil" de Silviano Santiago / Nelda Pilia de Assunção -- Ensayo e identidad Tres discursos para dos aldeas de Carlos Fuentes / Gabriela Campos -- Nuevos recorridos del ensayo: los discursos de recepción de premios literarios. Geografías íntimas y territorios culturales / Silvina Celeste Fazio -- "Mi primer libro" o un viaje por la tradición literaria en Augusto Monterroso / María Teresa Sánchez -- Nuestra América es un ensayo / María del Pilar Vila.
=650  \0$aLatin American essays$y20th century$xHistory and criticism.
=700  1\$aVila, María del Pilar.
=700  1\$aAssunção, Nelda Pilia de.
=852  41$aBritish Library$bHMNTS$jYF.2011.a.2293
=856  41$3Table of contents only$uhttp://www.loc.gov/catdir/toc/gc01/9789876041249.pdf
=856  41$uhttp://core.cambeiro.com.ar/0-154597-0.pdf
=CAT  \\$a8301$b40$c20100809$lBLL01$h1132
=CAT  \\$a11002$b40$c20110117$lBLL01$h0736
=CAT  \\$aW2308-1659$c20230923$lBLL01$h1059
=CAT  \\$aBATCH-UPD$b00$c20230926$lBLL01$h0240
=FIN  \\$aY$d20110117
=FMT  \\$a  BK
=LAS  \\$aBATCH-UPD$b00$c20230926$lBLL01$h0240
=SRC  \\$aBLL02

