=LDR  02220cam a2200553 a 4500
=001  015625571
=003  Uk
=005  20111104164405.0
=008  110912s2008\\\\ag\\\\\\\b\\\\100\0\spa\d
=010  \\$a  2011438517
=020  \\$a9789879870389 (pbk.)
=020  \\$a9879870387 (pbk.)
=035  \\$a(OCoLC)553380427
=035  \\$a(DLC)16993905
=035  \\$a(DLC)2011438517
=035  \\$a(AR-BaFGC)0-132030/2
=040  \\$aAR-BaFGC$beng$cAR-BaFGC$dDLC$dUk
=042  \\$aukblsr
=050  00$aPQ7797.B635$bZ7486 2008
=111  2\$aJornadas "Borges y los Otros"$n(4th :$d2004 :$cBuenos Aires, Argentina)
=245  10$aBorges y los otros :$bJornadas IV, V, VI : 2004-2005-2006 /$ccompiladora, María Gabriela Cittadini ; colaboraron en la selección David Foster y Rolando Costa Picazo.
=260  \\$aBuenos Aires :$bFundación Internacional Jorge Luis Borges,$cc2008.
=300  \\$a269 p. ;$c23 cm.
=336  \\$atext$2rdacontent
=337  \\$aunmediated$2rdamedia
=338  \\$avolume$2rdacarrier
=504  \\$aIncludes biblographical references.
=600  10$aBorges, Jorge Luis,$d1899-1986$xCriticism and interpretation$vCongresses.
=700  1\$aCittadini, María Gabriela Barbara.
=700  1\$aFoster, David William.
=700  1\$aCosta Picazo, Rolando.
=710  2\$aFundación Internacional Jorge Luis Borges.
=711  0\$aJornadas Borges y los Otros$n(5th :$d2005 :$cBuenos Aires, Argentina)
=711  0\$aJornadas Borges y los Otros$n(6th :$d2006 :$cBuenos Aires, Argentina)
=852  41$aBritish Library$bHMNTS$jYF.2011.a.23740
=856  42$uhttp://www.gbv.de/dms/spk/iai/toc/611986280.pdf
=856  41$3Table of contents only$uhttp://www.loc.gov/catdir/toc/gc01/9789879870389.pdf
=856  41$uhttp://core.cambeiro.com.ar/0-132030-2.pdf
=CAT  \\$a8229$b40$c20100811$lBLL01$h1357
=CAT  \\$aBATCH-UPD$b40$c20110627$lBLL01$h2020
=CAT  \\$a11342$b40$c20111104$lBLL01$h1643
=CAT  \\$a11342$b40$c20111104$lBLL01$h1644
=CAT  \\$aBATCH-UPD$b40$c20191001$lBLL01$h2006
=CAT  \\$aW2308-1659$c20230923$lBLL01$h1059
=FIN  \\$aY$d20111013
=FMT  \\$a  BK
=LAS  \\$aW2308-1659$b00$c20230923$lBLL01$h1059
=SID  \\$aZ39$bOCLC
=SID  \\$aZ39$bLOC

