=LDR  01706cam a22004694a 4500
=001  015667237
=003  Uk
=005  20110117073311.0
=008  100622s2010\\\\ag\a\\\\\b\\\\000\0\spa\d
=010  \\$a2010423414
=020  \\$a9789871435159
=035  \\$a(AR-BaFGC)0-153092/2
=040  \\$aAR-BaFGC$cAR-BaFGC$dDLC$dUk
=042  \\$aukblderived
=043  \\$as-ag---
=050  00$aLC213.3.A74$bN84 2010
=245  00$aNuevas infancias y juventudes :$buna experiencia formativa /$cAna María Donini, coordinadora.
=250  \\$a1a ed.
=260  \\$aSan Martín, provincia de Buenos Aires [Argentina] :$bUNSAM Edita,$c2010.
=300  \\$a222 p. :$bill. ;$c21 cm.
=336  \\$atext$2rdacontent
=337  \\$aunmediated$2rdamedia
=338  \\$avolume$2rdacarrier
=490  0\$aColección Educación
=504  \\$aIncludes bibliographical references.
=650  \0$aEducation, Secondary$xSocial aspects$zArgentina.
=650  \0$aTeaching$xSocial aspects$zArgentina.
=650  \0$aHigh school teachers$xTraining of$zArgentina.
=700  1\$aDonini, Ana María.
=710  2\$aUniversidad Nacional de General San Martín.
=852  41$aBritish Library$bHMNTS$jYF.2011.a.2292
=856  41$3Table of contents only$uhttp://www.loc.gov/catdir/toc/gc01/9789871435159.pdf
=856  41$uhttp://core.cambeiro.com.ar/0-153092-2.pdf
=CAT  \\$a11375$b40$c20101011$lBLL01$h1215
=CAT  \\$a11002$b40$c20110117$lBLL01$h0733
=CAT  \\$aBATCH-UPD$b40$c20140117$lBLL01$h0323
=CAT  \\$aBATCH-UPD$b40$c20150629$lBLL01$h2017
=CAT  \\$aW2308-1659$c20230923$lBLL01$h1101
=FIN  \\$aY$d20110117
=FMT  \\$a  BK
=LAS  \\$aW2308-1659$b00$c20230923$lBLL01$h1101
=SID  \\$aZ39$bLOC

