=LDR  01644cam a22004334a 4500
=001  015667435
=003  Uk
=005  20110104104123.0
=008  100608s2010\\\\ag\a\\\\\b\\\\000\0\spa\d
=010  \\$a2010423352
=020  \\$a9789871013791
=035  \\$a(AR-BaFGC)0-158351/0
=040  \\$aAR-BaFGC$cAR-BaFGC$dDLC$dUk
=042  \\$aukblderived
=050  00$aHF1379$b.A28 2010
=245  04$aLos acuerdos comerciales :$breflexiones desde un enfoque argentino /$cJulio Berlinski y Néstor E. Stancanelli, editores.
=260  \\$aCiudad Autónoma de Buenos Aires :$bCARI, Consejo Argentino para las Relaciones Internacionales :$bCEI, Centro de Economía Internacional :$bSiglo XXI,$c2010.
=300  \\$a398 p. :$bill. ;$c22 cm.
=336  \\$atext$2rdacontent
=337  \\$aunmediated$2rdamedia
=338  \\$avolume$2rdacarrier
=504  \\$aIncludes bibliographical references.
=610  20$aMERCOSUR (Organization)
=650  \0$aCommercial treaties.
=650  \0$aForeign trade regulation.
=651  \0$aArgentina$xForeign economic relations.
=700  1\$aBerlinski, Julio.
=700  1\$aStancanelli, Néstor E.
=852  41$aBritish Library$bHMNTS$jYF.2011.a.2812
=856  41$3Table of contents only$uhttp://www.loc.gov/catdir/toc/gc01/9789871013791.pdf
=856  41$uhttp://core.cambeiro.com.ar/0-158351-0.pdf
=CAT  \\$a11375$b40$c20101011$lBLL01$h1451
=CAT  \\$a8440$b40$c20110104$lBLL01$h1041
=CAT  \\$aBATCH-UPD$b40$c20110128$lBLL01$h2026
=CAT  \\$aW2308-1659$c20230923$lBLL01$h1101
=FIN  \\$aY$d20110104
=FMT  \\$a  BK
=LAS  \\$aW2308-1659$b00$c20230923$lBLL01$h1101
=SID  \\$aZ39$bLOC

