=LDR  01835cam a22004694a 4500
=001  015667446
=003  Uk
=005  20110419115136.0
=008  100518s2010\\\\ag\ab\\\\b\\\\000\0\spa\d
=010  \\$a2010423253
=020  \\$a9789871599103
=035  \\$a(AR-BaFGC)0-84631/30
=040  \\$aAR-BaFGC$cAR-BaFGC$dDLC$dUk
=042  \\$aukblderived
=043  \\$as-ag---$as-py---$acl-----
=050  00$aHD9235.S62$bA773 2010
=245  04$aLos señores de la soja :$bla agricultura transgénica en América Latina /$cAna Lucía Bravo ... [et al.] ; introducción de María Elizabeth Bravo.
=250  \\$a1. ed.
=260  \\$aCiudad de Buenos Aires :$bCLACSO :$bEdiciones CICCUS,$c2010.
=300  \\$a406 p. :$bill., maps ;$c23 cm.
=336  \\$atext$2rdacontent
=337  \\$aunmediated$2rdamedia
=338  \\$avolume$2rdacarrier
=490  0\$aColección Becas de investigación
=504  \\$aIncludes bibliographical references.
=650  \0$aSoybean$xGenetic engineering$xEconomic aspects$zArgentina.
=650  \0$aSoybean$xGenetic engineering$xEnvironmental aspects$zArgentina.
=650  \0$aSoybean$xGenetic engineering$xEnvironmental aspects$zParaguay.
=650  \0$aFood relief$xEconomic aspects$zLatin America.
=700  1\$aBravo, Ana Lucía.
=852  41$aBritish Library$bHMNTS$jYF.2011.a.202
=856  41$3Table of contents only$uhttp://www.loc.gov/catdir/toc/gc01/9789871599103.pdf
=856  41$uhttp://core.cambeiro.com.ar/0-84631-30.pdf
=CAT  \\$a11375$b40$c20101011$lBLL01$h1457
=CAT  \\$aBATCH-UPD$b40$c20101011$lBLL01$h1457
=CAT  \\$a8440$b40$c20110104$lBLL01$h0934
=CAT  \\$a6537$b40$c20110419$lBLL01$h1151
=CAT  \\$aW2308-1659$c20230923$lBLL01$h1101
=FIN  \\$aY$d20110104
=FMT  \\$a  BK
=LAS  \\$aW2308-1659$b00$c20230923$lBLL01$h1101
=SID  \\$aZ39$bLOC

