=LDR  01788cam a22004814a 4500
=001  015667495
=003  Uk
=005  20101118082708.0
=008  100413s2010\\\\ag\\\\\\\b\\\\000\0\spa\d
=010  \\$a2010423196
=020  \\$a9789871599042
=035  \\$a(AR-BaFGC)0-157288/0
=040  \\$aAR-BaFGC$cAR-BaFGC$dDLC$dUk
=042  \\$aukblderived
=043  \\$as-ag---
=050  00$aHC177.M5$bD47 2009
=245  03$aEl desarrollo y sus lógicas en disputa en territorios del norte argentino /$cMabel Manzanal y Federico Villareal, organizadores ; Manzanal ... [et al., autores].
=250  \\$a1. ed.
=260  \\$a[Buenos Aires] :$bEdiciones CICCUS,$c2010.
=300  \\$a270 p. ;$c23 cm.
=336  \\$atext$2rdacontent
=337  \\$aunmediated$2rdamedia
=338  \\$avolume$2rdacarrier
=504  \\$aIncludes bibliographical references.
=650  \0$aRural development$zArgentina$zMisiones.
=650  \0$aRural development$zArgentina$zSalta (Province)
=650  \0$aRural development$zArgentina$zJujuy (Province)
=650  \0$aRural conditions$zArgentina$zMisiones.
=650  \0$aRural conditions$zArgentina$zSalta (Province)
=650  \0$aRural conditions$zArgentina$zJujuy (Province)
=700  1\$aManzanal, Mabel.
=700  1\$aVillarreal, Federico.
=852  41$aBritish Library$bHMNTS$jYF.2010.a.30387
=856  41$3Table of contents only$uhttp://www.loc.gov/catdir/toc/gc01/9789871599042.pdf
=856  41$uhttp://core.cambeiro.com.ar/0-157288-0.pdf
=CAT  \\$a11375$b40$c20101011$lBLL01$h1541
=CAT  \\$a11002$b40$c20101118$lBLL01$h0827
=CAT  \\$aBATCH$b00$c20101119$lBLL01$h0820
=CAT  \\$aW2308-1659$c20230923$lBLL01$h1101
=FIN  \\$aY$d20101118
=FMT  \\$a  BK
=LAS  \\$aW2308-1659$b00$c20230923$lBLL01$h1101
=SID  \\$aZ39$bLOC

