=LDR  01961cam a22005054a 4500
=001  015667521
=003  Uk
=005  20110222123451.0
=008  100413s2010\\\\ag\a\\\\\b\\\\100\0\spa\d
=010  \\$a2010423111
=020  \\$a9789871013777 (pbk.)
=035  \\$a(AR-BaFGC)0-157293/1
=040  \\$aAR-BaFGC$beng$cAR-BaFGC$dDLC$dUk
=042  \\$aukblsr
=043  \\$as------
=050  00$aJL1866$b.U86 2010
=245  00$aUsos, abusos y desafíos de la sociedad civil en América Latina /$cBernardo Sorj, comp.
=250  \\$a1. ed.
=260  \\$aBuenos Aires :$bSiglo XXI ;$a[Rio de Janeiro] :$bPlataforma Democrática,$c2010.
=300  \\$a213 p. :$b1 ill. ;$c21 cm.
=336  \\$atext$2rdacontent
=337  \\$aunmediated$2rdamedia
=338  \\$avolume$2rdacarrier
=490  0\$aColección El Estado de la democracia en América Latina
=500  \\$aPapers from a conference held in Buenos Aires in June 2009.
=504  \\$aIncludes bibliographical references.
=650  \0$aCivil society$zSouth America$vCongresses.
=650  \0$aNon-governmental organizations$zSouth America$vCongresses.
=650  \0$aDemocratization$zSouth America$vCongresses.
=651  \0$aSouth America$xPolitics and government$vCongresses.
=700  1\$aSorj, Bernardo.
=710  2\$aPlataforma Democrática (Organization : Rio de Janeiro, Brazil)
=852  41$aBritish Library$bHMNTS$jYF.2011.a.4696
=856  41$3Table of contents only$uhttp://www.loc.gov/catdir/toc/gc01/9789871013777.pdf
=856  41$uhttp://core.cambeiro.com.ar/0-157293-1.pdf
=CAT  \\$a11375$b40$c20101011$lBLL01$h1608
=CAT  \\$a8440$b40$c20110104$lBLL01$h0910
=CAT  \\$a5521$b40$c20110201$lBLL01$h1638
=CAT  \\$a6066$b40$c20110222$lBLL01$h1234
=CAT  \\$aBATCH-UPD$b40$c20110225$lBLL01$h2035
=CAT  \\$aW2308-1659$c20230923$lBLL01$h1101
=FIN  \\$aY$d20110104
=FMT  \\$a  BK
=LAS  \\$aW2308-1659$b00$c20230923$lBLL01$h1101
=SID  \\$aZ39$bLOC

