=LDR  01510cam a22004094a 4500
=001  015667725
=003  Uk
=005  20101118082043.0
=008  100317s2009\\\\ag\a\\\\\b\\\\000\0\spa\d
=010  \\$a2010423017
=020  \\$a9789871599028
=035  \\$a(AR-BaFGC)0-156475/0
=040  \\$aAR-BaFGC$cAR-BaFGC$dDLC$dUk
=042  \\$aukblderived
=050  00$aPN1993.5.A7$bD43 2009
=245  04$aUna década de nuevo cine argentino, 1995-2005 :$bindustria, crítica, formación, estéticas /$cIgnacio Amatriain, coordinador ; Joaquín Algranti ... [et al.].
=250  \\$a1. ed.
=260  \\$a[Buenos Aires] :$bEdiciones Ciccus,$cc2009.
=300  \\$a222 p. :$bill. ;$c23 cm.
=336  \\$atext$2rdacontent
=337  \\$aunmediated$2rdamedia
=338  \\$avolume$2rdacarrier
=504  \\$aIncludes bibliographical references (p. 207-216).
=650  \0$aMotion pictures$zArgentina$xHistory.
=650  \0$aMotion picture industry$zArgentina$xHistory.
=700  1\$aAmatriain, Ignacio.
=852  41$aBritish Library$bHMNTS$jYF.2010.a.30392
=856  41$uhttp://core.cambeiro.com.ar/0-156475-0.pdf
=856  41$3Table of contents only$uhttp://www.loc.gov/catdir/toc/gc01/9789871599028.pdf
=CAT  \\$a11375$b40$c20101012$lBLL01$h0930
=CAT  \\$a11002$b40$c20101118$lBLL01$h0820
=CAT  \\$aBATCH$b00$c20101119$lBLL01$h0817
=CAT  \\$aW2308-1659$c20230923$lBLL01$h1101
=FIN  \\$aY$d20101118
=FMT  \\$a  BK
=LAS  \\$aW2308-1659$b00$c20230923$lBLL01$h1101
=SID  \\$aZ39$bLOC

