=LDR  01548cam a22003974a 4500
=001  015668098
=003  Uk
=005  20110104103717.0
=008  100503s2009\\\\ag\\\\\\\b\\\\000\0\spa\d
=010  \\$a2010423198
=020  \\$a9789875743281
=035  \\$a(AR-BaFGC)0-155319/0
=040  \\$aAR-BaFGC$cAR-BaFGC$dDLC$dUk
=042  \\$aukblderived
=043  \\$as-ag---
=050  00$aHT129.A7$bR48 2009
=245  03$aEl retorno de lo político a la cuestión urbana :$bterritorialidad y acción pública en el Área Metropolitana de Buenos Aires /$cAndrea Catenazzi ... [et al.].
=260  \\$a[Los Polvorines, Argentina] :$bUniversidad Nacional de General Sarmiento ;$aBuenos Aires :$bPrometeo Libros,$cc2009.
=300  \\$a159 p. ;$c21 cm.
=336  \\$atext$2rdacontent
=337  \\$aunmediated$2rdamedia
=338  \\$avolume$2rdacarrier
=504  \\$aIncludes bibliographical references.
=650  \0$aUrban policy$zArgentina$zBuenos Aires Metropolitan Area.
=650  \0$aHuman territoriality$zArgentina$zBuenos Aires Metropolitan Area.
=700  1\$aCatenazzi, Andrea.
=852  41$aBritish Library$bHMNTS$jYF.2011.a.238
=856  41$3Table of contents only$uhttp://www.loc.gov/catdir/toc/gc01/9789875743281.pdf
=856  41$uhttp://core.cambeiro.com.ar/0-155319-0.pdf
=CAT  \\$a11375$b40$c20101012$lBLL01$h1440
=CAT  \\$a8440$b40$c20110104$lBLL01$h1037
=CAT  \\$aW2308-1659$c20230923$lBLL01$h1101
=FIN  \\$aY$d20110104
=FMT  \\$a  BK
=LAS  \\$aW2308-1659$b00$c20230923$lBLL01$h1101
=SID  \\$aZ39$bLOC

