=LDR  02143cam a22005054i 4500
=001  015670105
=003  Uk
=005  20131104112859.0
=008  100416s2009\\\\ag\ab\\\\b\\\\001\0\spa\d
=010  \\$a2010423107
=020  \\$a9789502316895 (paperback)
=035  \\$a(AR-BaFGC)0-786/19
=040  \\$aAR-BaFGC$beng$cAR-BaFGC$dDLC$dUk$erda
=042  \\$aukblsr
=043  \\$as-ag---
=050  00$aHN270.Z9$bV543 2009
=245  00$aLucha de clases, guerra civil y genocidio en la Argentina 1973-1983 :$bantecedentes, desarrollo, complicidades /$cInés Izaguirre, directora de la investigación ; equipo de investigación, Pablo Bonavena [and eight others] ; autores invitados, Paula Guitelman, Gabriel Pèriés, Carlos del Frade.
=250  \\$aPrimera edición.
=264  \1$aCiudad de Buenos Aires :$bEudeba,$cnoviembre de 2009.
=300  \\$a461 pages :$billustrations (black and white), maps (black and white) ;$c24 cm.
=336  \\$atext$2rdacontent
=337  \\$aunmediated$2rdamedia
=338  \\$avolume$2rdacarrier
=490  1\$aDerechos humanos
=504  \\$aIncludes bibliographical references (pages 437-458) and index.
=650  \0$aSocial conflict$zArgentina$xHistory$y20th century.
=650  \0$aState-sponsored terrorism$zArgentina$xHistory$y20th century.
=651  \0$aArgentina$xPolitics and government$y1955-1983.
=700  1\$aIzaguirre, Inés,$eeditor.
=700  1\$aBonavena, Pablo,$econtributor.
=700  1\$aGuitelman, Paula,$d1977-$econtributor.
=700  1\$aPériès, Gabriel,$econtributor.
=700  1\$aFrade, Carlos del,$econtributor.
=830  \0$aDerechos humanos.
=852  41$aBritish Library$bHMNTS$jYF.2013.a.21553
=856  41$3Table of contents only$uhttp://www.loc.gov/catdir/toc/gc01/9789502316895.pdf
=856  41$uhttp://core.cambeiro.com.ar/0-786-19.pdf
=CAT  \\$a11375$b40$c20101013$lBLL01$h0916
=CAT  \\$a7483$b40$c20131104$lBLL01$h1129
=CAT  \\$aBATCH-UPD$b40$c20160330$lBLL01$h1627
=CAT  \\$aW2308-1659$c20230923$lBLL01$h1101
=FIN  \\$aY$d20131104
=FMT  \\$a  BK
=LAS  \\$aW2308-1659$b00$c20230923$lBLL01$h1101
=SID  \\$aZ39$bLOC

