=LDR  01625cam a22004454a 4500
=001  015670107
=003  Uk
=005  20110104093159.0
=008  091204s2009\\\\ag\abf\\\b\\\\000\0\spa\d
=010  \\$a  2009400519
=020  \\$a9789871013760
=035  \\$a(AR-BaFGC)0-156297/0
=040  \\$aAR-BaFGC$cAR-BaFGC$dDLC$dUk
=042  \\$aukblderived
=043  \\$as-ag---$ae-gx---
=050  00$aF2849$b.A866 2009
=245  00$aArgentina y la Europa del nazismo :$bsus secuelas /$cIgnacio Klich y Cristian Buchrucker, compiladores.
=260  \\$aCiudad Autónoma de Buenos Aires :$bSiglo XXI,$c2009.
=300  \\$a406 p. [14] p. of plates :$bcol. ill., col. maps ;$c22 cm.
=336  \\$atext$2rdacontent
=337  \\$aunmediated$2rdamedia
=338  \\$avolume$2rdacarrier
=504  \\$aIncludes bibliographical references.
=600  10$aPerón, Juan Domingo$y1895-1974.
=650  \0$aNazis$zArgentina$xHistory$y20th century.
=651  \0$aArgentina$xPolitics and government$y1943-1955.
=651  \0$aArgentina$xRelations$zGermany.
=651  \0$aGermany$xRelations$zArgentina.
=700  1\$aKlich, Ignacio,$d1949-
=700  1\$aBuchrucker, Cristián.
=852  41$aBritish Library$bHMNTS$jYF.2011.a.201
=856  41$3Table of contents only$uhttp://www.loc.gov/catdir/toc/gc01/9789871013760.pdf
=856  41$uhttp://core.cambeiro.com.ar/0-156297-0.pdf
=CAT  \\$a11375$b40$c20101013$lBLL01$h0919
=CAT  \\$a8440$b40$c20110104$lBLL01$h0931
=CAT  \\$aW2308-1659$c20230923$lBLL01$h1101
=FIN  \\$aY$d20110104
=FMT  \\$a  BK
=LAS  \\$aW2308-1659$b00$c20230923$lBLL01$h1101
=SRC  \\$aBLL02

