=LDR  01848cam a22004454a 4500
=001  015703742
=003  Uk
=005  20110201122933.0
=008  100715s2009\\\\ag\a\\\\\b\\\\100\0\spa\d
=010  \\$a2010423559
=020  \\$a9789872273453 (pbk.)
=035  \\$a(AR-BaFGC)0-156530/0
=040  \\$aAR-BaFGC$beng$cAR-BaFGC$dDLC$dUk
=042  \\$aukblsr
=043  \\$acl-----
=050  00$aHD5660.L29$bE53 2009
=245  03$aLa economía de los trabajadores :$bautogestión y distribución de la riqueza : selección de trabajos presentados al Primer Encuentro Internacional "La Economía de los Trabajadores", 19, 20 y 21 de julio de 2007 /$cHugo Trinchero ... [et al.].
=260  \\$aBuenos Aires :$bEdiciones de la Cooperativa Chilavert,$c[2009]
=300  \\$a226 p. :$bill. ;$c23 cm.
=336  \\$atext$2rdacontent
=337  \\$aunmediated$2rdamedia
=338  \\$avolume$2rdacarrier
=504  \\$aIncludes bibliographical references.
=650  \0$aManagement$xEmployee participation$zLatin America$vCongresses.
=650  \0$aEmployee ownership$zLatin America$vCongresses.
=650  \0$aInformal sector (Economics)$zLatin America$vCongresses.
=650  \0$aCooperative societies$zLatin America$vCongresses.
=700  1\$aTrinchero, Héctor H.$q(Héctor Hugo).
=852  41$aBritish Library$bHMNTS$jYF.2011.a.3245
=856  41$3Table of contents only$uhttp://www.loc.gov/catdir/toc/gc01/9789872273453.pdf
=856  41$uhttp://core.cambeiro.com.ar/0-156530-0.pdf
=CAT  \\$a8229$b40$c20101126$lBLL01$h1044
=CAT  \\$a5521$b40$c20110201$lBLL01$h1229
=CAT  \\$aBATCH-UPD$b40$c20150808$lBLL01$h1724
=CAT  \\$aW2308-1659$c20230923$lBLL01$h1103
=CAT  \\$aBATCH-UPD$b00$c20230926$lBLL01$h0428
=FIN  \\$aY$d20110201
=FMT  \\$a  BK
=LAS  \\$aBATCH-UPD$b00$c20230926$lBLL01$h0428
=SID  \\$aZ39$bLOC

