=LDR  01405cam a2200409 a 4500
=001  015718126
=003  Uk
=005  20110719091910.0
=008  091009s2009\\\\ag\\\\\\\b\\\\000\0\spa\d
=010  \\$a  2009400411
=020  \\$a9789871371358
=035  \\$a(AR-BaFGC)0-147164/8
=040  \\$aAR-BaFGC$cAR-BaFGC$dDLC$dUk
=042  \\$aukblcatcopy
=043  \\$as-ag---
=050  00$aPQ7653$b.C24 2009
=100  10$aCalabrese, Elisa T.
=245  10$aLugar común :$blecturas críticas de literatura argentina /$cElisa Calabrese.
=260  \\$aMar del Plata, Argentina :$bEUDEM,$c2009.
=300  \\$a292 p. ;$c21 cm.
=336  \\$atext$2rdacontent
=337  \\$aunmediated$2rdamedia
=338  \\$avolume$2rdacarrier
=490  0\$aSerie Símbolos
=504  \\$aIncludes bibliographical references (p. 283-292).
=650  \0$aArgentine literature$y20th century$xHistory and criticism.
=852  41$aBritish Library$bHMNTS$jYF.2011.a.16215
=856  41$3Table of contents only$uhttp://www.loc.gov/catdir/toc/gc01/9789871371358.pdf
=856  41$uhttp://core.cambeiro.com.ar/0-147164-8.pdf
=CAT  \\$a8229$b40$c20101216$lBLL01$h1451
=CAT  \\$a5703$b40$c20110719$lBLL01$h0919
=CAT  \\$aW2308-1659$c20230923$lBLL01$h1104
=CAT  \\$aBATCH-UPD$b00$c20230926$lBLL01$h0449
=FIN  \\$aY$d20110719
=FMT  \\$a  BK
=LAS  \\$aBATCH-UPD$b00$c20230926$lBLL01$h0449
=SRC  \\$aBLL02

