=LDR  01578cam a22004334a 4500
=001  015718178
=003  Uk
=005  20110511135415.0
=008  100420s2009\\\\ag\\\\\\\b\\\\000\0dspa\d
=010  \\$a2010423109
=020  \\$a9789503405819 (pbk.)
=035  \\$a(AR-BaFGC)0-111785/20
=040  \\$aAR-BaFGC$beng$cAR-BaFGC$dDLC$dUk
=042  \\$aukblsr
=043  \\$as-ag---
=050  00$aPQ7655$b.C66 2009
=245  00$aContratiempos de la memoria en la literatura argentina /$cMiguel Dalmaroni y Geraldine Rogers, editores ; Miguel Dalmaroni ... [et al.].
=250  \\$a1o. [sic] ed.
=260  \\$aLa Plata, Buenos Aires, Argentina :$bEDULP, Editorial de la Universidad Nacional de La Plata,$c2009.
=300  \\$a312 p. ;$c21 cm.
=336  \\$atext$2rdacontent
=337  \\$aunmediated$2rdamedia
=338  \\$avolume$2rdacarrier
=490  0\$aColección Sociales
=504  \\$aIncludes bibliographical references.
=650  \0$aArgentine literature$y20th century$xHistory and criticism.
=650  \0$aMemory in literature.
=700  1\$aDalmaroni, Miguel,$d1958-
=700  1\$aRogers, Geraldine.
=852  41$aBritish Library$bHMNTS$jYF.2011.a.10635
=856  41$3Table of contents only$uhttp://www.loc.gov/catdir/toc/gc01/9789503405819.pdf
=856  41$uhttp://core.cambeiro.com.ar/0-111785-20.pdf
=CAT  \\$a8229$b40$c20101216$lBLL01$h1541
=CAT  \\$a7483$b40$c20110511$lBLL01$h1354
=CAT  \\$aW2308-1659$c20230923$lBLL01$h1104
=FIN  \\$aY$d20110511
=FMT  \\$a  BK
=LAS  \\$aW2308-1659$b00$c20230923$lBLL01$h1104
=SID  \\$aZ39$bLOC

