=LDR  02024cam a22004694a 4500
=001  015718212
=003  Uk
=005  20110512123230.0
=008  100316s2009\\\\ag\\\\\\\b\\\\100\0\spa\d
=010  \\$a2010423020
=020  \\$a9789503406113 (pbk.)
=035  \\$a(AR-BaFGC)0-156852/0
=040  \\$aAR-BaFGC$beng$cAR-BaFGC$dDLC$dUk
=042  \\$aukblsr
=050  00$aPA3040$b.D53 2009
=111  2\$aJornadas de Estudios Clásicos y Medievales$n(3rd :$d2007 :$cLa Plata, Argentina)
=245  10$aDiálogos culturales :$bactas de las III Jornadas de Estudios Clásicos y Medievales /$cLía Galán, Gloria Chicote, editoras ; Guillermina Bogdan, María Emilia Cairo, Ely V. di Croce, asistentes de edición.
=260  \\$aBuenos Aires :$bEDULP,$c2009.
=300  \\$a694 p. ;$c21 cm.
=336  \\$atext$2rdacontent
=337  \\$aunmediated$2rdamedia
=338  \\$avolume$2rdacarrier
=504  \\$aIncludes bibliographical references.
=650  \0$aClassical literature$xHistory and criticism$vCongresses.
=650  \0$aLiterature, Medieval$xHistory and criticism$vCongresses.
=650  \0$aCivilization, Classical$xInfluence$vCongresses.
=700  1\$aGalán, Lía.
=700  1\$aChicote, Gloria B.
=710  2\$aUniversidad Nacional de La Plata.$bCentro de Estudios Latinos.
=710  2\$aUniversidad Nacional de La Plata.$bCentro de Estudios de Teoría y Crítica Literaria.
=852  41$aBritish Library$bHMNTS$jYF.2011.a.10936
=856  41$3Table of contents only$uhttp://www.loc.gov/catdir/toc/gc01/9789503406113.pdf
=856  41$uhttp://core.cambeiro.com.ar/0-156852-0.pdf
=985  \\$a111 is new -- NACO form is wrong -- doesn't follow tp -- form at top of p. 12 is misleading
=CAT  \\$a8229$b40$c20101216$lBLL01$h1557
=CAT  \\$a5521$b40$c20110512$lBLL01$h1232
=CAT  \\$aBATCH-UPD$b40$c20181221$lBLL01$h2044
=CAT  \\$aW2308-1659$c20230923$lBLL01$h1104
=FIN  \\$aY$d20110512
=FMT  \\$a  BK
=LAS  \\$aW2308-1659$b00$c20230923$lBLL01$h1104
=SID  \\$aZ39$bLOC

