=LDR  02142cam a22004694a 4500
=001  015719325
=003  Uk
=005  20110518102157.0
=008  100405s2010\\\\ag\a\\\\\b\\\\000\0dspa\d
=010  \\$a2010423112
=020  \\$a9789503406267 (pbk.)
=035  \\$a(AR-BaFGC)0-157298/0
=040  \\$aAR-BaFGC$beng$cAR-BaFGC$dDLC$dUk
=042  \\$aukblsr
=043  \\$as-ag---
=050  00$aHV6322.3.A7$bH84 2010
=245  00$aHuellas :$bsemblanzas de vida de detenidos-desaparecidos y asesinados por el terrorismo de estado pertenecientes a la Universidad Nacional de La Plata /$cDirección de Derechos Humanos, Universidad Nacional de La Plata ; María Verónica Piccone, editora ; [Graciela Abramoff de Busto ... et al., autores].
=250  \\$a1o. [sic] ed.
=260  \\$a[La Plata, Argentina?] :$bUniversidad Nacional de La Plata, Dirección de Derechos Humanos ;$aLa Plata, Buenos Aires, Argentina :$bEditorial de la Universidad Nacional de La Plata,$c2010.
=300  \\$a254 p. :$bill. ;$c21 cm.
=336  \\$atext$2rdacontent
=337  \\$aunmediated$2rdamedia
=338  \\$avolume$2rdacarrier
=504  \\$aIncludes bibliographical references.
=610  20$aUniversidad Nacional de La Plata$xStudents$xPolitical activity$xHistory$y20th century.
=650  \0$aDisappeared persons$zArgentina$zLa Plata.
=650  \0$aVictims of state-sponsored terrorism$zArgentina$zLa Plata.
=700  1\$aPiccone, María Verónica.
=710  2\$aUniversidad Nacional de La Plata.$bDirección de Derechos Humanos.
=852  41$aBritish Library$bHMNTS$jYF.2011.a.11511
=856  41$3Table of contents only$uhttp://www.loc.gov/catdir/toc/gc01/9789503406267.pdf
=856  41$uhttp://core.cambeiro.com.ar/0-157298-0.pdf
=CAT  \\$a8229$b40$c20101220$lBLL01$h1421
=CAT  \\$aBATCH-UPD$b40$c20101220$lBLL01$h1422
=CAT  \\$a7483$b40$c20110418$lBLL01$h1509
=CAT  \\$a12181$b40$c20110518$lBLL01$h1021
=CAT  \\$aBATCH-UPD$b40$c20110521$lBLL01$h1801
=CAT  \\$aW2308-1659$c20230923$lBLL01$h1104
=FIN  \\$aY$d20110418
=FMT  \\$a  BK
=LAS  \\$aW2308-1659$b00$c20230923$lBLL01$h1104
=SID  \\$aZ39$bLOC

