=LDR  01762cam a22004574a 4500
=001  015719342
=003  Uk
=005  20110307093417.0
=008  100712s2010\\\\ag\\\\\\\b\\\\000\0\spa\d
=010  \\$a2010423536
=020  \\$a9789871309108
=035  \\$a(AR-BaFGC)0-158189/0
=040  \\$aAR-BaFGC$cAR-BaFGC$dDLC$dUk
=042  \\$aukblderived
=043  \\$as-ag---
=050  00$aHQ1532$b.S467 2010
=245  00$aSeñoras, universitarias y mujeres, 1910-2010 :$bla cuestión femenina entre el Centenario y el Bicentenario de la Revolución de Mayo /$cHéctor E. Recalde, compilador ; autores, Graciela Queirolo ... [et al.].
=250  \\$a1a ed.
=260  \\$aC. A. Bs. As. [i.e. Ciudad Autónoma de Buenos Aires] :$bGEU, Grupo Editor Universitario,$c2010.
=300  \\$a375 p. ;$c22 cm.
=336  \\$atext$2rdacontent
=337  \\$aunmediated$2rdamedia
=338  \\$avolume$2rdacarrier
=504  \\$aIncludes bibliographical references (p. 360-375).
=650  \0$aWomen$zArgentina$xSocial conditions.
=650  \0$aWomen$xLegal status, laws, etc.$zArgentina$xHistory.
=650  \0$aWomen$zArgentina$xHistory.
=700  1\$aRecalde, Héctor.
=700  1\$aQueirolo, Graciela.
=852  41$aBritish Library$bHMNTS$jYF.2011.a.7096
=856  41$3Table of contents only$uhttp://www.loc.gov/catdir/toc/gc01/9789871309108.pdf
=856  41$uhttp://core.cambeiro.com.ar/0-158189-0.pdf
=CAT  \\$a8229$b40$c20101220$lBLL01$h1434
=CAT  \\$a11131$b40$c20110307$lBLL01$h0934
=CAT  \\$a9081$b40$c20111206$lBLL01$h1407
=CAT  \\$aBATCH-UPD$b40$c20111206$lBLL01$h1407
=CAT  \\$aW2308-1659$c20230923$lBLL01$h1104
=FIN  \\$aY$d20110307
=FMT  \\$a  BK
=LAS  \\$aW2308-1659$b00$c20230923$lBLL01$h1104
=SID  \\$aZ39$bLOC

