=LDR  01580cam a22004214a 4500
=001  015719839
=003  Uk
=005  20110304115537.0
=008  100603s2010\\\\ag\\\\\\\b\\\\000\0\spa\d
=010  \\$a2010423311
=020  \\$a9789507867781
=035  \\$a(AR-BaFGC)0-132426/3
=040  \\$aAR-BaFGC$cAR-BaFGC$dDLC$dUk
=042  \\$aukblderived
=043  \\$as-ag---
=050  00$aF2829$b.H555 2010
=245  00$aHistoriadores, ensayistas y gran público :$bla historiografía argentina en los últimos veinte años, 1990-2010 /$cFernando J. Devoto, director ; [autores] Fernando J. Devoto ... [et al.].
=260  \\$aBuenos Aires :$bEditorial Biblos,$cc2010.
=300  \\$a139 p. ;$c23 cm.
=336  \\$atext$2rdacontent
=337  \\$aunmediated$2rdamedia
=338  \\$avolume$2rdacarrier
=490  0\$aColección Argentina contemporánea
=504  \\$aIncludes bibliographical references.
=650  \0$aHistoriography$zArgentina$xHistory$y20th century.
=650  \0$aHistoriography$zArgentina$xHistory$y21st century.
=651  \0$aArgentina$xHistoriography.
=700  1\$aDevoto, Fernando,$d1949-
=852  41$aBritish Library$bHMNTS$jYF.2011.a.6088
=856  41$3Table of contents only$uhttp://www.loc.gov/catdir/toc/gc01/9789507867781.pdf
=856  41$uhttp://core.cambeiro.com.ar/0-132426-3.pdf
=CAT  \\$a8229$b40$c20101221$lBLL01$h1403
=CAT  \\$a6162$b40$c20110304$lBLL01$h1155
=CAT  \\$aW2308-1659$c20230923$lBLL01$h1104
=FIN  \\$aY$d20110304
=FMT  \\$a  BK
=LAS  \\$aW2308-1659$b00$c20230923$lBLL01$h1104
=SID  \\$aZ39$bLOC

