=LDR  01572 am a22004454a 4500
=001  015742856
=003  Uk
=005  20110401114504.0
=008  100420s2009\\\\ag\a\\\\\b\\\\000\0\spa\d
=010  \\$a2010423108
=020  \\$a9789879493526 (pbk.)
=035  \\$a(AR-BaFGC)0-137295/3
=040  \\$aAR-BaFGC$beng$cAR-BaFGC$dDLC$dUk
=042  \\$aukblsr
=043  \\$as-ve---
=050  00$aF2329$bD54 2009
=245  00$aDiez años de revolución en Venezuela :$bhistoria, balance y perspectivas, 1999-2009 /$cMario Ayala, Pablo Quintero (comps.).
=250  \\$a1. ed.
=260  \\$aItuzaingó, Buenos Aires :$bEditorial Maipue,$c2009.
=300  \\$a382 p. :$bill. ;$c22 cm.
=336  \\$atext$2rdacontent
=337  \\$aunmediated$2rdamedia
=338  \\$avolume$2rdacarrier
=490  0\$aColección "El hombre es tierra que anda"
=504  \\$aIncludes bibliographical references.
=650  \0$aSocialism$zVenezuela.
=651  \0$aVenezuela$xPolitics and government$y1999-
=651  \0$aVenezuela$xEconomic policy.
=700  1\$aAyala, Mario.
=700  1\$aQuintero, Pablo.
=710  2\$aUniversidad de Buenos Aires.$bPrograma de Historia Oral.
=852  41$aBritish Library$bHMNTS$jYF.2011.a.8273
=856  41$3Table of contents only$uhttp://www.loc.gov/catdir/toc/gc01/9789879493526.pdf
=856  41$uhttp://core.cambeiro.com.ar/0-137295-3.pdf
=CAT  \\$a11375$b40$c20110201$lBLL01$h1156
=CAT  \\$a5521$b40$c20110401$lBLL01$h1145
=FIN  \\$aY$d20110401
=FMT  \\$a  BK
=LAS  \\$a5521$b40$c20110401$lBLL01$h1145
=SID  \\$aZ39$bLOC

