=LDR  01630 am a22004574a 4500
=001  015743032
=003  Uk
=005  20110405105707.0
=008  090923s2009\\\\ag\a\\\\\b\\\\000\0\spa\d
=010  \\$a  2009400388
=020  \\$a9789871543175
=035  \\$a(AR-BaFGC)0-84823/49
=040  \\$aAR-BaFGC$cAR-BaFGC$dDLC$dUk
=042  \\$aukblderived
=043  \\$acl-----
=050  00$aHC125$b.C6519 2009
=245  04$aLos condicionantes de la crisis en América Latina :$binserción internacional y modalidades de acumulación /$cEnrique Arceo y Eduardo Basualdo, compiladores ; Adolfo Gilly ... [et al.].
=250  \\$a1. ed.
=260  \\$aBuenos Aires :$bCLACSO,$c2009.
=300  \\$a382 p. :$bill. ;$c23 cm.
=336  \\$atext$2rdacontent
=337  \\$aunmediated$2rdamedia
=338  \\$avolume$2rdacarrier
=490  0\$aColección Grupos de trabajo
=504  \\$aIncludes bibliographical references.
=650  \0$aCapital$zLatin America.
=650  \0$aGlobal Financial Crisis, 2008-2009.
=651  \0$aLatin America$xEconomic conditions$y1982-
=651  \0$aLatin America$xForeign economic relations.
=700  1\$aArceo, Enrique O.
=700  1\$aBasualdo, Eduardo M.
=700  1\$aGilly, Adolfo.
=852  41$aBritish Library$bHMNTS$jYF.2011.a.9178
=856  41$3Table of contents only$uhttp://www.loc.gov/catdir/toc/gc01/9789871543175.pdf
=856  41$uhttp://core.cambeiro.com.ar/0-84823-49.pdf
=CAT  \\$a11375$b40$c20110201$lBLL01$h1332
=CAT  \\$a11131$b40$c20110405$lBLL01$h1057
=FIN  \\$aY$d20110405
=FMT  \\$a  BK
=LAS  \\$a11131$b40$c20110405$lBLL01$h1057
=SRC  \\$aBLL02

