=LDR  01635 am a22004574a 4500
=001  015743037
=003  Uk
=005  20110322141011.0
=008  100108s2009\\\\ag\a\\\\\b\\\\000\0\spa\d
=010  \\$a  2009400604
=020  \\$a9789507542893 (pbk.)
=020  \\$a9507542892 (pbk.)
=035  \\$a(AR-BaFGC)0-156261/1
=040  \\$aAR-BaFGC$cAR-BaFGC$dDLC$dUk
=042  \\$aukblderived
=043  \\$as-ag---
=050  00$aHN270.Z9$bS73 2009
=245  00$aArgentina en pedazos :$bluchas sociales y conflictos interburgueses en la crisis de la convertibilidad /$cAlberto Bonnet y Adrián Piva, compiladores.
=250  \\$a1a ed.
=260  \\$aBuenos Aires :$bPeña Lillo :$bEdiciones Continente,$c[2009]
=300  \\$a251 p. :$bill. ;$c23 cm.
=336  \\$atext$2rdacontent
=337  \\$aunmediated$2rdamedia
=338  \\$avolume$2rdacarrier
=490  0\$aBiblioteca Artillería del pensamiento
=504  \\$aIncludes bibliographical references.
=650  \0$aSocial conflict$zArgentina.
=650  \0$aFinancial crises$zArgentina$xHistory$y21st century.
=651  \0$aArgentina$xSocial conditions$y1983-
=651  \0$aArgentina$xEconomic policy.
=700  1\$aPiva, Adrián.
=700  1\$aBonnet, Alberto.
=852  41$aBritish Library$bHMNTS$jYF.2011.a.8705
=856  41$3Table of contents only$uhttp://www.loc.gov/catdir/toc/gc01/9789507542893.pdf
=856  41$uhttp://core.cambeiro.com.ar/0-156261-1.pdf
=CAT  \\$a11375$b40$c20110201$lBLL01$h1337
=CAT  \\$a12630$b40$c20110322$lBLL01$h1410
=FIN  \\$aY$d20110322
=FMT  \\$a  BK
=LAS  \\$a12630$b40$c20110322$lBLL01$h1410
=SRC  \\$aBLL02

