=LDR  01614 am a22004454a 4500
=001  015743059
=003  Uk
=005  20110405111857.0
=008  090923s2009\\\\ag\a\\\\\b\\\\000\0\spa\d
=010  \\$a  2009400394
=020  \\$a9789871543205
=035  \\$a(AR-BaFGC)0-84823/48
=040  \\$aAR-BaFGC$cAR-BaFGC$dDLC$dUk
=042  \\$aukblderived
=043  \\$acl-----
=050  00$aJL966$b.A445 2009
=245  00$aAmérica Latina :$blos derechos y las prácticas ciudadanas a la luz de los movimientos populares /$cMargarita Favela Gavia, Diana Guillén, coordinadoras ; Margarita Favela Gavia ... [et al.].
=250  \\$a1. ed.
=260  \\$aBuenos Aires :$bCLACSO,$c2009.
=300  \\$a271 p. :$bill. ;$c23 cm.
=336  \\$atext$2rdacontent
=337  \\$aunmediated$2rdamedia
=338  \\$avolume$2rdacarrier
=490  0\$aColección Grupos de Trabajo
=504  \\$aIncludes bibliographical references.
=650  \0$aDemocracy$zLatin America.
=650  \0$aPolitical participation$zLatin America.
=650  \0$aSocial movements$zLatin America.
=651  \0$aLatin America$xPolitics and government$y1980-
=700  1\$aFavela Gavia, Diana Margarita.
=700  1\$aGuillén, Diana.
=852  41$aBritish Library$bHMNTS$jYF.2011.a.9165
=856  41$3Table of contents only$uhttp://www.loc.gov/catdir/toc/gc01/9789871543205.pdf
=856  41$uhttp://core.cambeiro.com.ar/0-84823-48.pdf
=CAT  \\$a11375$b40$c20110201$lBLL01$h1358
=CAT  \\$a11131$b40$c20110405$lBLL01$h1118
=FIN  \\$aY$d20110405
=FMT  \\$a  BK
=LAS  \\$a11131$b40$c20110405$lBLL01$h1118
=SRC  \\$aBLL02

