=LDR  01831 am a22004934a 4500
=001  015743069
=003  Uk
=005  20110629161436.0
=008  100629s2009\\\\ag\\\\\\\b\\\\000\0\spa\d
=010  \\$a  2010423466
=020  \\$a9789875743359
=035  \\$a(AR-BaFGC)0-103705/9
=040  \\$aAR-BaFGC$beng$cAR-BaFGC$dDLC$dUk
=042  \\$aukblsr
=043  \\$as-ag---$as-bl---
=050  00$aLC4944.A7$bJ68 2009
=245  00$aJóvenes, elección escolar y distinción social :$binvestigaciones en Argentina y Brasil /$cMaría Elena Martínez, Alicia Villa, Viviana Seoane, coordinadoras ; Zaia Brandao ... [et al.].
=260  \\$aBuenos Aires :$bPrometeo Libros,$cc2009.
=300  \\$a141 p. ;$c22 cm.
=336  \\$atext$2rdacontent
=337  \\$aunmediated$2rdamedia
=338  \\$avolume$2rdacarrier
=490  0\$aColección Sujetos/políticas/educación
=504  \\$aIncludes bibliographical references.
=650  \0$aElite (Social sciences)$xEducation$zArgentina.
=650  \0$aElite (Social siences)$xEducation$zBrazil.
=650  \0$aEducation, Secondary$zArgentina.
=650  \0$aEducation, Secondary$zBrazil.
=650  \0$aEducational sociology$zArgentina.
=650  \0$aEducational sociology$zBrazil.
=700  1\$aMartínez, María Elena.
=700  1\$aSeoane, Viviana.
=700  1\$aVilla, Alicia.
=700  1\$aBrandão, Zaia.
=852  41$aBritish Library$bHMNTS$jYF.2011.a.14716
=856  41$3Table of contents only$uhttp://www.loc.gov/catdir/toc/gc01/9789875743359.pdf
=856  41$uhttp://core.cambeiro.com.ar/0-103705-9.pdf
=CAT  \\$a11375$b40$c20110201$lBLL01$h1409
=CAT  \\$a11131$b40$c20110405$lBLL01$h1156
=CAT  \\$a6066$b40$c20110629$lBLL01$h1614
=FIN  \\$aY$d20110629
=FMT  \\$a  BK
=LAS  \\$a6066$b40$c20110629$lBLL01$h1614
=SID  \\$aZ39$bLOC

