=LDR  01666 am a22004454a 4500
=001  015743165
=003  Uk
=005  20110512090358.0
=008  100720s2010\\\\ag\ab\\\\b\\\\001\0\spa\d
=010  \\$a2010423610
=020  \\$a9789507930959 (pbk.)
=035  \\$a(AR-BaFGC)0-158030/0
=040  \\$aAR-BaFGC$beng$cAR-BaFGC$dDLC$dUk
=042  \\$aukblsr
=043  \\$as-ag---
=050  00$aHD1863$b.T47 2010
=245  00$aTerritorio, poder e identidad en el agro argentino /$cOscar Mari, Graciela Mateo, Cristina Valenzuela, compiladores.
=260  \\$aCABA [i.e. Ciudad Autónoma de Buenos Aires] :$bImago Mundi,$cc2010.
=300  \\$aviii, 296 p. :$bill., map ;$c23 cm.
=336  \\$atext$2rdacontent
=337  \\$aunmediated$2rdamedia
=338  \\$avolume$2rdacarrier
=490  0\$aColección Bitácora argentina
=504  \\$aIncludes bibliographical references (p. [281]-292) and index.
=650  \0$aAgriculture and state$zArgentina$xHistory$y20th century.
=650  \0$aAgriculture$xSocial aspects$zArgentina.
=650  \0$aAgriculture$xEnvironmental aspects$zArgentina.
=651  \0$aArgentina$xRural conditions.
=700  1\$aMari, Oscar Ernesto.
=700  1\$aMateo, Graciela.
=700  1\$aValenzuela de Mari, Cristina Ofelia.
=852  41$aBritish Library$bHMNTS$jYF.2011.a.10961
=856  41$3Table of contents only$uhttp://www.loc.gov/catdir/toc/gc01/9789507930959.pdf
=856  41$uhttp://core.cambeiro.com.ar/0-158030-0.pdf
=CAT  \\$a11375$b40$c20110201$lBLL01$h1538
=CAT  \\$a5521$b40$c20110512$lBLL01$h0903
=FIN  \\$aY$d20110512
=FMT  \\$a  BK
=LAS  \\$a5521$b40$c20110512$lBLL01$h0903
=SID  \\$aZ39$bLOC

