=LDR  01579 am a22004334a 4500
=001  015745126
=003  Uk
=005  20110504111115.0
=008  100721s2010\\\\ag\a\\\\\b\\\\000\0\spa\d
=010  \\$a2010423607
=020  \\$a9789871599240 (pbk.)
=035  \\$a(AR-BaFGC)0-159063/0
=040  \\$aAR-BaFGC$beng$cAR-BaFGC$dDLC$dUk
=042  \\$aukblsr
=043  \\$acl-----
=050  00$aHN17.5$b.D56 2010
=245  03$aLa dimensión social de la cooperación internacional :$baportes para la construcción de una agenda post neoliberal /$cAna Josefina Arias, Miguel Gabriel Vallone, compiladores ; Adriana Clemente ... [et al.].
=250  \\$a1. ed.
=260  \\$a[Buenos Aires] :$bEdiciones Ciccus,$c2010.
=300  \\$a163 p. :$bill. ;$c23 cm.
=336  \\$atext$2rdacontent
=337  \\$aunmediated$2rdamedia
=338  \\$avolume$2rdacarrier
=504  \\$aIncludes bibliographical references.
=650  \0$aSocial policy$xInternational cooperation.
=651  \0$aLatin America$xSocial policy.
=651  \0$aLatin America$xForeign relations.
=700  1\$aArias, Ana Josefina.
=700  1\$aVallone, Miguel Gabriel.
=700  1\$aClemente, Adriana.
=852  41$aBritish Library$bHMNTS$jYF.2011.a.9950
=856  41$3Table of contents only$uhttp://www.loc.gov/catdir/toc/gc01/9789871599240.pdf
=856  41$uhttp://core.cambeiro.com.ar/0-159063-0.pdf
=CAT  \\$a11375$b40$c20110202$lBLL01$h0848
=CAT  \\$a5521$b40$c20110504$lBLL01$h1111
=FIN  \\$aY$d20110504
=FMT  \\$a  BK
=LAS  \\$a5521$b40$c20110504$lBLL01$h1111
=SID  \\$aZ39$bLOC

