=LDR  01571 am a22004454a 4500
=001  015745185
=003  Uk
=005  20110415101406.0
=008  100820s2010\\\\ag\\\\\\\b\\\\000\0\spa\d
=010  \\$a2010423804
=020  \\$a9789871599288 (pbk.)
=035  \\$a(AR-BaFGC)0-159578/0
=040  \\$aAR-BaFGC$beng$cAR-BaFGC$dDLC$dUk
=042  \\$aukblsr
=043  \\$as-ag---
=050  00$aHN263.5$b.M69 2010
=245  00$aMovimientos sociales y derechos humanos en la Argentina /$cBrenda Pereyra y Pablo Vommaro, compiladores ; Martín Armelino ... [et al.].
=250  \\$a1. ed.
=260  \\$a[Buenos Aires] :$bEdiciones CICCUS,$c2010.
=300  \\$a361 p. ;$c23 cm.
=336  \\$atext$2rdacontent
=337  \\$aunmediated$2rdamedia
=338  \\$avolume$2rdacarrier
=504  \\$aIncludes bibliographical references.
=650  \0$aSocial movements$zArgentina.
=650  \0$aHuman rights$zArgentina.
=651  \0$aArgentina$xSocial conditions$y1983-
=700  1\$aPereyra, Brenda.
=700  1\$aVommaro, Pablo.
=700  1\$aArmelino, Martín.
=710  2\$aCentro de Integración, Comunicación, Cultura y Sociedad (Buenos Aires, Argentina)
=852  41$aBritish Library$bHMNTS$jYF.2011.a.9271
=856  41$3Table of contents only$uhttp://www.loc.gov/catdir/toc/gc01/9789871599288.pdf
=856  41$uhttp://core.cambeiro.com.ar/0-159578-0.pdf
=CAT  \\$a11375$b40$c20110202$lBLL01$h0930
=CAT  \\$a5521$b40$c20110415$lBLL01$h1014
=FIN  \\$aY$d20110415
=FMT  \\$a  BK
=LAS  \\$a5521$b40$c20110415$lBLL01$h1014
=SID  \\$aZ39$bLOC

