=LDR  01669 am a22004574a 4500
=001  015745195
=003  Uk
=005  20110405122627.0
=008  101008s2010\\\\ag\ab\\\\b\\\\000\0\spa\d
=010  \\$a2010504063
=020  \\$a9789871543403
=035  \\$a(AR-BaFGC)0-84823/54
=040  \\$aAR-BaFGC$cAR-BaFGC$dDLC$dUk
=041  0\$aspa$apor
=042  \\$aukblderived
=043  \\$acl-----
=050  00$aP95.82.L29$bP637 2010
=245  00$aPolíticas de comunicación en el capitalismo contemporáneo :$bAmérica Latina y sus encrucijadas /$cSusana Sel, coordinadora ; Daniel Hernández ... [et al.].
=250  \\$a1. ed.
=260  \\$aCiudad de Buenos Aires :$bCLACSO,$c[2010]
=300  \\$a334 p. :$bill. map. ;$c23 cm.
=336  \\$atext$2rdacontent
=337  \\$aunmediated$2rdamedia
=338  \\$avolume$2rdacarrier
=490  0\$aColección Grupos de Trabajo
=504  \\$aIncludes bibliographical references.
=546  \\$aTexts chiefly in Spanish, two in Portuguese.
=650  \0$aCommunication policy$zLatin America.
=650  \0$aMass media$xLaw and legislation$zLatin America.
=650  \0$aMass media$xEconomic aspects$zLatin America.
=650  \0$aCommunication$xSocial aspects$zLatin America.
=700  1\$aSel, Susana.
=852  41$aBritish Library$bHMNTS$jYF.2011.a.8991
=856  41$3Table of contents only$uhttp://www.loc.gov/catdir/toc/gc01/9789871543403.pdf
=856  41$uhttp://core.cambeiro.com.ar/0-84823-54.pdf
=CAT  \\$a11375$b40$c20110202$lBLL01$h0941
=CAT  \\$a11131$b40$c20110405$lBLL01$h1226
=FIN  \\$aY$d20110405
=FMT  \\$a  BK
=LAS  \\$a11131$b40$c20110405$lBLL01$h1226
=SID  \\$aZ39$bLOC

