=LDR  01560 am a22004334a 4500
=001  015745276
=003  Uk
=005  20110629181940.0
=008  100610s2010\\\\ag\\\\\\\b\\\\000\0\spa\d
=010  \\$a  2010423460
=020  \\$a9789875581920 (pbk.)
=035  \\$a(AR-BaFGC)0-145937/3
=040  \\$aAR-BaFGC$beng$cAR-BaFGC$dDLC$dUk
=042  \\$aukblsr
=043  \\$as-ag---$as-bl---
=050  00$aHV875.58.A65$bI54 2010
=245  00$aInfancia, justicia y derechos humanos /$cCarla Villalta (compiladora) ; Diana Marre Cífola ... [et al.].
=260  \\$aBernal [Argentina] :$bUniversidad Nacional de Quilmes Editorial,$c2010.
=300  \\$a318 p. ;$c20 cm.
=336  \\$atext$2rdacontent
=337  \\$aunmediated$2rdamedia
=338  \\$avolume$2rdacarrier
=490  1\$aColección Derechos humanos
=504  \\$aIncludes bibliographical references.
=650  \0$aChildren's rights$zLatin America.
=650  \0$aChildren$xLegal status, laws, etc.$zLatin America.
=700  1\$aVillalta, Carla.
=700  1\$aMarre, Diana.
=830  \0$aColección Derechos humanos (Bernal, Argentina)
=852  41$aBritish Library$bHMNTS$jYF.2011.a.14627
=856  41$3Table of contents only$uhttp://www.loc.gov/catdir/toc/gc01/9789875581920.pdf
=856  41$uhttp://core.cambeiro.com.ar/0-145937-3.pdf
=CAT  \\$a11375$b40$c20110202$lBLL01$h1108
=CAT  \\$a11131$b40$c20110405$lBLL01$h1240
=CAT  \\$a6066$b40$c20110629$lBLL01$h1819
=FIN  \\$aY$d20110629
=FMT  \\$a  BK
=LAS  \\$a6066$b40$c20110629$lBLL01$h1819
=SID  \\$aZ39$bLOC

