=LDR  01899 am a22004934a 4500
=001  015745433
=003  Uk
=005  20110517124530.0
=008  100528s2010\\\\ag\\\\\\\b\\\\001\0dspa\d
=010  \\$a  2010423289
=020  \\$a9789505578313 (pbk.)
=035  \\$a(AR-BaFGC)0-154941/2
=040  \\$aAR-BaFGC$beng$cAR-BaFGC$dDLC$dUk
=042  \\$aukblsr
=043  \\$as-ag---
=050  00$aQ127.A72$bA88 2010
=100  1\$aAsúa, Miguel de.
=245  13$aLa ciencia de Mayo :$bla cultura científica en el Río de la Plata, 1800-1820 /$cMiguel de Asúa.
=250  \\$a1. ed.
=260  \\$aBuenos Aires :$bFondo de Cultura Económica,$c2010.
=300  \\$a251 p. ;$c21 cm.
=336  \\$atext$2rdacontent
=337  \\$aunmediated$2rdamedia
=338  \\$avolume$2rdacarrier
=490  0\$aSección de obras de historia
=504  \\$aIncludes bibliographical references (p. 221-239) and index.
=650  \0$aScience$xSocial aspects$zArgentina$xHistory$zRio de la Plata (Argentina and Uruguay)$y19th century.
=651  \0$aRio de la Plata (Argentina and Uruguay)$xIntellectual life$y19th century.
=651  \0$aArgentina$xHistory$y19th century.
=710  2\$aFondo de Cultura Económica (Buenos Aires, Argentina)
=852  41$aBritish Library$bHMNTS$jYF.2011.a.11302
=856  41$3Table of contents only$uhttp://www.loc.gov/catdir/toc/gc01/9789505578313.pdf
=856  41$uhttp://core.cambeiro.com.ar/0-154941-2.pdf
=CAT  \\$a11375$b40$c20110202$lBLL01$h1440
=CAT  \\$a6066$b40$c20110512$lBLL01$h1449
=CAT  \\$a6066$b40$c20110512$lBLL01$h1450
=CAT  \\$a6066$b40$c20110517$lBLL01$h1245
=CAT  \\$aBATCH-UPD$b40$c20130824$lBLL01$h1922
=CAT  \\$aBATCH-UPD$b40$c20150909$lBLL01$h1724
=CAT  \\$aBATCH-UPD$b40$c20171215$lBLL01$h2037
=FIN  \\$aY$d20110512
=FMT  \\$a  BK
=LAS  \\$aBATCH-UPD$b40$c20171215$lBLL01$h2037
=SID  \\$aZ39$bLOC

