=LDR  01629 am a22004214a 4500
=001  015745437
=003  Uk
=005  20110503140431.0
=008  100406s2010\\\\ag\a\\\\\b\\\\000\0\spa\d
=010  \\$a2010423082
=020  \\$a9789871304493 (pbk.)
=035  \\$a(AR-BaFGC)0-156901/0
=040  \\$aAR-BaFGC$beng$cAR-BaFGC$dDLC$dUk
=042  \\$aukblsr
=043  \\$as-ag---
=050  00$aF2861$b.E26 2010
=245  00$aEconomía, sociedad y política en el Río de la Plata del siglo XIX :$bproblemas y debates /$cValentina Ayrolo, compiladora.
=260  \\$aRosario [Argentina] :$bProhistoria Ediciones,$c2010.
=300  \\$a143 p. :$bill. ;$c23 cm.
=336  \\$atext$2rdacontent
=337  \\$aunmediated$2rdamedia
=338  \\$avolume$2rdacarrier
=490  1\$aColección Actas,$x1668-5369 ;$v11
=504  \\$aIncludes bibliographical references.
=651  \0$aBuenos Aires (Argentina : Province)$xHistory$y19th century.
=651  \0$aBuenos Aires (Argentina : Province)$xEconomic conditions$y19th century.
=651  \0$aBuenos Aires (Argentina : Province)$xPolitics and government$y19th century.
=700  1\$aAyrolo, Valentina.
=830  \0$aColección Actas (Rosario, Santa Fe, Argentina) ;$v11.
=852  41$aBritish Library$bHMNTS$jYF.2011.a.9920
=856  41$3Table of contents only$uhttp://www.loc.gov/catdir/toc/gc01/9789871304493.pdf
=856  41$uhttp://core.cambeiro.com.ar/0-156901-0.pdf
=CAT  \\$a11375$b40$c20110202$lBLL01$h1447
=CAT  \\$a5521$b40$c20110503$lBLL01$h1404
=FIN  \\$aY$d20110503
=FMT  \\$a  BK
=LAS  \\$a5521$b40$c20110503$lBLL01$h1404
=SID  \\$aZ39$bLOC

