=LDR  01923cam a22004814a 4500
=001  015745474
=003  Uk
=005  20110513083713.0
=008  100804s2010\\\\ag\a\\\\\b\\\\000\0\spa\d
=010  \\$a2010423684
=020  \\$a9789871256693
=035  \\$a(AR-BaFGC)0-153649/4
=040  \\$aAR-BaFGC$cAR-BaFGC$dDLC$dUk
=042  \\$aukblderived
=043  \\$asp-----
=050  00$aF2909$b.N44 2010
=245  00$a"Negros de la patria" :$blos afrodescendientes en las luchas por la independencia en el antiguo Virreinato del Río de la Plata /$cSilvia C. Mallo e Ignacio Telesca, editores ; Alex Borucki ... [et al.].
=250  \\$a1a ed.
=260  \\$aBuenos Aires :$bSB,$c2010.
=300  \\$a278 p. :$bill. ;$c23 cm.
=336  \\$atext$2rdacontent
=337  \\$aunmediated$2rdamedia
=338  \\$avolume$2rdacarrier
=490  0\$aParadigma indicial. Serie Historia americana
=504  \\$aIncludes bibliographical references.
=650  \0$aBlack people$zRio de la Plata Region (Argentina and Uruguay)$xHistory$y19th century.
=650  \0$aSoldiers, Black$zRio de la Plata Region (Argentina and Uruguay)$xHistory$y19th century.
=650  \0$aSlavery$zRio de la Plata Region (Argentina and Uruguay)$xHistory$y19th century.
=651  \0$aArgentina$xHistory$yWar of Independence, 1810-1817.
=651  \0$aUruguay$xHistory$y1810-1830.
=700  1\$aMallo, Silvia C.
=700  1\$aTelesca, Ignacio.
=852  41$aBritish Library$bHMNTS$jYF.2011.a.11658
=856  41$3Table of contents only$uhttp://www.loc.gov/catdir/toc/gc01/9789871256693.pdf
=856  41$uhttp://core.cambeiro.com.ar/0-153649-4.pdf
=CAT  \\$a11375$b40$c20110202$lBLL01$h1538
=CAT  \\$a11131$b40$c20110513$lBLL01$h0837
=CAT  \\$a11249$b40$c20230320$lBLL01$h1715
=CAT  \\$a11249$b40$c20230321$lBLL01$h1728
=FIN  \\$aY$d20110513
=FMT  \\$a  BK
=LAS  \\$a11249$b40$c20230321$lBLL01$h1728
=SID  \\$aZ39$bLOC

