=LDR  01474 am a22004094a 4500
=001  015745560
=003  Uk
=005  20110405114952.0
=008  100218s2009\\\\ag\a\\\\\b\\\\000\0\spa\d
=010  \\$a2009400660
=020  \\$a9789875743656
=035  \\$a(AR-BaFGC)0-145405/7
=040  \\$aAR-BaFGC$cAR-BaFGC$dDLC$dUk
=042  \\$aukblderived
=043  \\$acl-----
=050  00$aPQ7081.A1$bE776 2009
=245  00$aEpisodios en la formación de redes culturales en América Latina /$cClaudio Maíz y Álvaro Fernández Bravo, editores.
=260  \\$aBuenos Aires :$bPrometeo Libros,$cc2009.
=300  \\$a237 p. :$bill. ;$c22 cm.
=336  \\$atext$2rdacontent
=337  \\$aunmediated$2rdamedia
=338  \\$avolume$2rdacarrier
=490  0\$aColección Comunicación y crítica cultural
=504  \\$aIncludes bibliographical references.
=650  \0$aSpanish American literature$y20th century$xHistory and criticism.
=650  \0$aSocial networks$zLatin America.
=700  1\$aMaíz, Claudio.
=700  1\$aFernández-Bravo, Alvaro,$d1964-
=852  41$aBritish Library$bHMNTS$jYF.2011.a.9166
=856  41$3Table of contents only$uhttp://www.loc.gov/catdir/toc/gc01/9789875743656.pdf
=856  41$uhttp://core.cambeiro.com.ar/0-145405-7.pdf
=CAT  \\$a8229$b40$c20110203$lBLL01$h0838
=CAT  \\$a11131$b40$c20110405$lBLL01$h1149
=FIN  \\$aY$d20110405
=FMT  \\$a  BK
=LAS  \\$a11131$b40$c20110405$lBLL01$h1149
=SID  \\$aZ39$bLOC

