=LDR  01612 am a22004334a 4500
=001  015756294
=003  Uk
=005  20110513082109.0
=008  100521s2009\\\\ag\a\\\\\b\\\f000\0dspa\d
=010  \\$a2010423254
=020  \\$a9789879350676
=035  \\$a(AR-BaFGC)0-137038/5
=040  \\$aAR-BaFGC$cAR-BaFGC$dDLC$dUk
=042  \\$aukblderived
=043  \\$as-ag---
=050  00$aPQ7611$b.L58 2009
=245  03$aLa literatura argentina por escritores argentinos :$bnarradores, poetas y dramaturgos /$cSylvia Iparraguirre, coordinadora ; Ángel Berlanga, entrevistas ; Silvia Hopenhayn, Guillermo Saavedra, moderadores.
=260  \\$aCiudad Autónoma de Buenos Aires :$bEdiciones Biblioteca Nacional,$cc2009.
=300  \\$a416 p. :$bill. ;$c24 cm.
=336  \\$atext$2rdacontent
=337  \\$aunmediated$2rdamedia
=338  \\$avolume$2rdacarrier
=490  0\$aEnsayos y debates ;$v5
=504  \\$aIncludes bibliographical references.
=650  \0$aArgentine literature$xHistory and criticism.
=650  \0$aAuthors, Argentine$vInterviews.
=700  1\$aIparraguirre, Sylvia.
=700  1\$aBerlanga, Ángel.
=700  1\$aHopenhayn, Silvia.
=700  1\$aSaavedra, Guillermo,$d1960-
=852  41$aBritish Library$bHMNTS$jYF.2011.a.11660
=856  41$3Table of contents only$uhttp://www.loc.gov/catdir/toc/gc01/9789879350676.pdf
=856  41$uhttp://core.cambeiro.com.ar/0-137038-5.pdf
=CAT  \\$a8229$b40$c20110218$lBLL01$h1416
=CAT  \\$a11131$b40$c20110513$lBLL01$h0821
=FIN  \\$aY$d20110513
=FMT  \\$a  BK
=LAS  \\$a11131$b40$c20110513$lBLL01$h0821
=SID  \\$aZ39$bLOC

