=LDR  01331 am a22003734a 4500
=001  015756603
=003  Uk
=005  20110322134216.0
=008  100625s2010\\\\ag\\\\\\\b\\\\000\0\spa\d
=010  \\$a2010423422
=020  \\$a9789875591516 (pbk.)
=035  \\$a(AR-BaFGC)0-158809/2
=040  \\$aAR-BaFGC$cAR-BaFGC$dDLC$dUk
=042  \\$aukblderived
=050  00$aPQ7798.17.I26$bZ635 2010
=245  00$aGiannuzzi :$breseñas, artículos y trabajos académicos sobre su obra /$cJorge Fondebrider, (compilador).
=260  \\$aBuenos Aires :$bEdiciones del Dock,$cc2010.
=300  \\$a375 p. ;$c20 cm.
=336  \\$atext$2rdacontent
=337  \\$aunmediated$2rdamedia
=338  \\$avolume$2rdacarrier
=490  0\$aColección Época ;$v2
=504  \\$aIncludes bibliographical references (p. 363-375).
=600  10$aGiannuzzi, Joaquín O.$xCriticism and interpretation.
=700  1\$aFondebrider, Jorge,$d1956-
=852  41$aBritish Library$bHMNTS$jYF.2011.a.8699
=856  41$3Table of contents only$uhttp://www.loc.gov/catdir/toc/gc01/9789875591516.pdf
=856  41$uhttp://core.cambeiro.com.ar/0-158809-2.pdf
=CAT  \\$a8229$b40$c20110221$lBLL01$h1050
=CAT  \\$a12630$b40$c20110322$lBLL01$h1342
=FIN  \\$aY$d20110322
=FMT  \\$a  BK
=LAS  \\$a12630$b40$c20110322$lBLL01$h1342
=SID  \\$aZ39$bLOC

