=LDR  01639 am a22004574a 4500
=001  015756650
=003  Uk
=005  20110719110939.0
=008  100602s2009\\\\ag\\\\\\\b\\\\000\0\spa\d
=010  \\$a2010423331
=020  \\$a9789871172535
=035  \\$a(AR-BaFGC)0-145533/3
=040  \\$aAR-BaFGC$cAR-BaFGC$dDLC$dUk
=042  \\$aukblderived
=043  \\$as-ag---$af------
=050  00$aGV1796.T3$bO783 2009
=100  1\$aOrtiz Oderigo, Néstor R.,$d1912-1996.
=245  10$aLatitudes africanas del tango /$cNéstor Ortiz Oderigo ; Norberto Pablo Cirio, editor.
=250  \\$a1. ed.
=260  \\$a[Argentina] :$bEDUNTREF, Editorial de la Universidad Nacional de Tres de Febrero,$c2009.
=300  \\$a226 p. ;$c20 cm.
=336  \\$atext$2rdacontent
=337  \\$aunmediated$2rdamedia
=338  \\$avolume$2rdacarrier
=490  0\$aObras de Néstor Ortiz Oderigo
=504  \\$aIncludes bibliographical references.
=650  \0$aTango (Dance)$zArgentina$xHistory.
=650  \0$aTangos$zArgentina$xHistory.
=650  \0$aTango (Dance)$zArgentina$xForeign influences.
=650  \0$aMusic$zAfrica$xHistory and criticism.
=700  1\$aCirio, Norberto Pablo.
=852  41$aBritish Library$bHMNTS$jYF.2011.a.16405
=856  41$3Table of contents only$uhttp://www.loc.gov/catdir/toc/gc01/9789871172535.pdf
=856  41$uhttp://core.cambeiro.com.ar/0-145533-3.pdf
=CAT  \\$a8229$b40$c20110221$lBLL01$h1126
=CAT  \\$aBATCH-UPD$b40$c20110416$lBLL01$h1730
=CAT  \\$a10904$b40$c20110719$lBLL01$h1109
=FIN  \\$aY$d20110719
=FMT  \\$a  BK
=LAS  \\$a10904$b40$c20110719$lBLL01$h1109
=SID  \\$aZ39$bLOC

