=LDR  02039 am a2200517 a 4500
=001  015807428
=003  Uk
=005  20111005133559.0
=008  110628s2010\\\\ag\a\\\\\b\\\\000\0\spa\d
=010  \\$a2011438212
=020  \\$a9789872597320 (pbk.)
=035  \\$a(AR-BaFGC)0-161863/0
=040  \\$aAR-BaFGC$beng$cAR-BaFGC$dDLC$dUk
=041  0\$aspa$bspa$beng
=042  \\$aukblsr
=043  \\$as-ag---
=050  00$aGT4231.J85$bC37 2010
=245  00$aCarnavales, fiestas y ferias en el mundo andino de la Argentina =$bCarnivals, celebrations and festivals in the Andean world of Argentina /$cEnrique Normando Cruz, editor ; Verónica Judith Acevedo ... [et al.].
=246  31$aCarnivals, celebrations and festivals in the Andean world of Argentina
=250  \\$a1. ed.
=260  \\$aSalta :$bPurmamarka Ediciones,$cc2010.
=300  \\$a322 p. :$bill. ;$c20 cm.
=336  \\$atext$2rdacontent
=337  \\$aunmediated$2rdamedia
=338  \\$avolume$2rdacarrier
=504  \\$aIncludes bibliographical references.
=546  \\$aText in Spanish, with abstracts in Spanish and English.
=650  \0$aCarnival$zArgentina$zJujuy (Province)
=650  \0$aCarnival$zArgentina$zSalta (Province)
=651  \0$aJujuy (Argentina : Province)$xSocial life and customs.
=651  \0$aSalta (Argentina : Province)$xSocial life and customs.
=700  1\$aCruz, Enrique Normando.
=700  1\$aAcevedo, Verónica Judith.
=852  41$aBritish Library$bHMNTS$jYF.2011.a.21688
=856  41$3Table of contents only$uhttp://www.loc.gov/catdir/toc/gc01/9789872597320.pdf
=856  41$uhttp://core.cambeiro.com.ar/0-161863-0.pdf
=CAT  \\$a11375$b40$c20110516$lBLL01$h1138
=CAT  \\$a11375$b40$c20110516$lBLL01$h1139
=CAT  \\$a5521$b40$c20110922$lBLL01$h1400
=CAT  \\$a5521$b40$c20110923$lBLL01$h0900
=CAT  \\$a11327$b40$c20111005$lBLL01$h1335
=CAT  \\$aBATCH-UPD$b40$c20111008$lBLL01$h1722
=FIN  \\$aY$d20110922
=FMT  \\$a  BK
=LAS  \\$aBATCH-UPD$b40$c20111008$lBLL01$h1722
=SID  \\$aZ39$bLOC

