=LDR  01384 am a2200397 a 4500
=001  015812908
=003  Uk
=005  20110719131911.0
=008  100707s2009\\\\ag\a\\\\\b\\\\000\0\spa\d
=010  \\$a2010423554
=020  \\$a9789875991477
=035  \\$a(AR-BaFGC)0-158721/0
=040  \\$aAR-BaFGC$cAR-BaFGC$dDLC$dUk
=042  \\$aukblcatcopy
=043  \\$asn-----$acl-----
=050  00$aHV5840.A5$bG84 2009
=245  03$aLa guerra contra las drogas en el mundo andino :$bhacia un cambio de paradigma /$cJuan Gabriel Tokatlian, compilador.
=260  \\$aBuenos Aires :$bLibros del Zorzal,$cc2009.
=300  \\$a344 p. :$bill. ;$c23 cm.
=336  \\$atext$2rdacontent
=337  \\$aunmediated$2rdamedia
=338  \\$avolume$2rdacarrier
=504  \\$aIncludes bibliographical references.
=650  \0$aDrug control$zAndes Region.
=650  \0$aDrug traffic$zAndes Region.
=650  \0$aDrug traffic$zGovernment policy$zLatin America.
=700  1\$aTokatlian, Juan.
=852  41$aBritish Library$bHMNTS$jYF.2011.a.16424
=856  41$3Table of contents only$uhttp://www.loc.gov/catdir/toc/gc01/9789875991477.pdf
=856  41$uhttp://core.cambeiro.com.ar/0-158721-0.pdf
=CAT  \\$a11375$b40$c20110524$lBLL01$h1441
=CAT  \\$a5703$b40$c20110719$lBLL01$h1319
=FIN  \\$aY$d20110719
=FMT  \\$a  BK
=LAS  \\$a5703$b40$c20110719$lBLL01$h1319
=SID  \\$aZ39$bLOC

