=LDR  01798 am a22004334a 4500
=001  015812948
=003  Uk
=005  20110822112829.0
=008  100430s2009\\\\ag\a\\\\\b\\\\100\0\spa\d
=010  \\$a2010423200
=020  \\$a9789872510244
=035  \\$a(AR-BaFGC)0-114485/4
=040  \\$aAR-BaFGC$cAR-BaFGC$dDLC$dUk
=042  \\$aukblderived
=043  \\$as-ag---
=050  00$aF2861$b.J67 2008
=111  0\$aJornadas Interdisciplinarias del Sudoeste Bonaerense$n(5th :$d2008 :$cBahía Blanca, Argentina)
=245  10$aPolítica, sociedad y cultura en el sudoeste bonaerense :$bactas de las V Jornadas Interdisciplinarias del Sudoeste Bonaerense /$cMabel Cernadas y José Marcilese, editores.
=260  \\$a[Bahía Blanca, Argentina] :$bEdiuns, Editorial de la Universidad Nacional del Sur,$cc2009.
=300  \\$a518 p. :$bill. ;$c24 cm.
=336  \\$atext$2rdacontent
=337  \\$aunmediated$2rdamedia
=338  \\$avolume$2rdacarrier
=504  \\$aIncludes bibliographical references.
=650  \0$aEducation$zArgentina$zBuenos Aires (Province)$vCongresses.
=651  \0$aBuenos Aires (Argentina : Province)$xPolitics and government$vCongresses.
=651  \0$aBuenos Aires (Argentina : Province)$xCivilization$vCongresses.
=700  1\$aCernadas de Bulnes, Mabel Nélida.
=700  1\$aMarcilese, José.
=852  41$aBritish Library$bHMNTS$jYF.2011.a.18633
=856  41$3Table of contents only$uhttp://www.loc.gov/catdir/toc/gc01/9789872510244.pdf
=856  41$uhttp://core.cambeiro.com.ar/0-114485-4.pdf
=CAT  \\$a11375$b40$c20110524$lBLL01$h1540
=CAT  \\$a11002$b40$c20110822$lBLL01$h1128
=CAT  \\$aBATCH-UPD$b40$c20151003$lBLL01$h1727
=FIN  \\$aY$d20110822
=FMT  \\$a  BK
=LAS  \\$aBATCH-UPD$b40$c20151003$lBLL01$h1727
=SID  \\$aZ39$bLOC

