=LDR  01408 am a22004214a 4500
=001  015814797
=003  Uk
=005  20110822132914.0
=008  100721s2010\\\\ag\\\\\\\b\\\\001\0\spa\d
=010  \\$a2010423609
=020  \\$a9789508952875
=035  \\$a(AR-BaFGC)0-158005/0
=040  \\$aAR-BaFGC$cAR-BaFGC$dDLC$dUk
=042  \\$aukblderived
=050  00$aJC578$b.T46 2010
=245  00$aTeoría social y género :$bpolémicas en torno al modelo teórico de Nancy Fraser /$cPatricia Morey, Adriana Boria, [editoras].
=260  \\$aBuenos Aires :$bCatálogos,$c2010.
=300  \\$a364 p. ;$c21 cm.
=336  \\$atext$2rdacontent
=337  \\$aunmediated$2rdamedia
=338  \\$avolume$2rdacarrier
=504  \\$aIncludes bibliographical references and index.
=600  10$aFraser, Nancy.
=650  \0$aJustice.
=650  \0$aDistributive justice.
=650  \0$aFeminist theory.
=650  \0$aRecognition (Philosophy)
=700  1\$aBoria, Adriana.
=700  1\$aMorey, Patricia.
=852  41$aBritish Library$bHMNTS$jYF.2011.a.18640
=856  41$3Table of contents only$uhttp://www.loc.gov/catdir/toc/gc01/9789508952875.pdf
=856  41$uhttp://core.cambeiro.com.ar/0-158005-0.pdf
=CAT  \\$a11375$b40$c20110525$lBLL01$h0852
=CAT  \\$a11002$b40$c20110822$lBLL01$h1329
=FIN  \\$aY$d20110822
=FMT  \\$a  BK
=LAS  \\$a11002$b40$c20110822$lBLL01$h1329
=SID  \\$aZ39$bLOC

