=LDR  01440 am a22004214a 4500
=001  015814798
=003  Uk
=005  20110718120106.0
=008  100607s2010\\\\ag\a\\\\\b\\\\001\0\spa\d
=010  \\$a2010423344
=020  \\$a9789502317052
=035  \\$a(AR-BaFGC)0-157976/1
=040  \\$aAR-BaFGC$cAR-BaFGC$dDLC$dUk
=042  \\$aukblderived
=043  \\$acl-----
=050  00$aJV7398$b.P34 2010
=245  00$aPatrones migratorios internacionales en América Latina /$cEnrique Oteiza, compilador.
=250  \\$a1a. ed.
=260  \\$aCiudad de Buenos Aires :$bEudeba,$c2010.
=300  \\$a426, [1] p. :$bill. ;$c25 cm.
=336  \\$atext$2rdacontent
=337  \\$aunmediated$2rdamedia
=338  \\$avolume$2rdacarrier
=490  0\$aTemas. Sociales
=504  \\$aIncludes bibliographical references and index.
=650  \0$aImmigrants$zLatin America$xSocial conditions.
=650  \0$aImmigrants$xCivil rights$zLatin America.
=651  \0$aLatin America$xEmigration and immigration.
=700  1\$aOteiza, Enrique.
=852  41$aBritish Library$bHMNTS$jYF.2011.a.16126
=856  41$3Table of contents only$uhttp://www.loc.gov/catdir/toc/gc01/9789502317052.pdf
=856  41$uhttp://core.cambeiro.com.ar/0-157976-1.pdf
=CAT  \\$a11375$b40$c20110525$lBLL01$h0859
=CAT  \\$a11002$b40$c20110718$lBLL01$h1201
=FIN  \\$aY$d20110718
=FMT  \\$a  BK
=LAS  \\$a11002$b40$c20110718$lBLL01$h1201
=SID  \\$aZ39$bLOC

