=LDR  01640 am a2200433 a 4500
=001  015814811
=003  Uk
=005  20110719103723.0
=008  101215s2010\\\\ag\\\\\\\b\\\\000\0\spa\d
=010  \\$a2010504266
=020  \\$a9789507868122
=035  \\$a(AR-BaFGC)0-83997/10
=040  \\$aAR-BaFGC$cAR-BaFGC$dDLC$dUk
=042  \\$aukblcatcopy
=043  \\$as-ag---
=050  00$aHV6322.3.A7$bD46 2010
=245  04$aLos desaparecidos en la Argentina :$bmemorias, representaciones e ideas, 1983-2008 /$cEmilio A. Crenze, coordinador ; Diego Born ... [et al.].
=260  \\$aBuenos Aires :$bEditorial Biblos,$cc2010.
=300  \\$a271 p. ;$c23 cm.
=336  \\$atext$2rdacontent
=337  \\$aunmediated$2rdamedia
=338  \\$avolume$2rdacarrier
=490  0\$aLatitud sur colección
=504  \\$aIncludes bibliographical references (p. 251-266).
=650  \0$aDisappeared persons$zArgentina$xHistory$y20th century.
=650  \0$aState-sponsored terrorism$zArgentina$xHistory$y20th century.
=650  \0$aPolitical violence$zArgentina$xHistory$y20th century.
=650  \0$aMemory$xSocial aspects$zArgentina.
=700  1\$aCrenzel, Emilio A.$q(Emilio Ariel).
=852  41$aBritish Library$bHMNTS$jYF.2011.a.16396
=856  41$3Table of contents only$uhttp://www.loc.gov/catdir/toc/gc01/9789507868122.pdf
=856  41$uhttp://core.cambeiro.com.ar/0-83997-10.pdf
=CAT  \\$a11375$b40$c20110525$lBLL01$h0915
=CAT  \\$a5703$b40$c20110719$lBLL01$h1037
=CAT  \\$aBATCH-UPD$b40$c20210618$lBLL01$h1219
=FIN  \\$aY$d20110719
=FMT  \\$a  BK
=LAS  \\$aBATCH-UPD$b40$c20210618$lBLL01$h1219
=SID  \\$aZ39$bLOC

