=LDR  01822 am a22004214a 4500
=001  015814854
=003  Uk
=005  20110822135235.0
=008  100430s2009\\\\ag\ab\\\\b\\\\100\0\spa\d
=010  \\$a2010423174
=020  \\$a9789871620029
=035  \\$a(AR-BaFGC)0-114485/3
=040  \\$aAR-BaFGC$cAR-BaFGC$dDLC$dUk
=042  \\$aukblderived
=043  \\$as-ag---
=050  00$aGE160.A7$bJ55 2008b
=111  0\$aJornadas Interdisciplinarias del Sudoeste Bonaerense$n(5th :$d2008 :$cBahía Blanca, Argentina)
=245  13$aEl territorio, las actividades económicas y la problemática ambiental en el sudoeste bonaerense :$bactas de las V Jornadas Interdisciplinarias del Sudoeste Bonaerense /$cMaría del Carmen Vaquero, Juan Carlos Pascale, editores.
=260  \\$a[Bahía Blanca, Argentina] :$bEdiuns, Editorial de la Universidad Nacional del Sur,$cc2009.
=300  \\$a398 p. :$bill., maps ;$c30 cm.
=336  \\$atext$2rdacontent
=337  \\$aunmediated$2rdamedia
=338  \\$avolume$2rdacarrier
=504  \\$aIncludes bibliographical references.
=650  \0$aCommunity development$zArgentina$zBuenos Aires (Province)$vCongresses.
=651  \0$aBuenos Aires (Argentina : Province)$xEnvironmental conditions$vCongresses.
=651  \0$aBuenos Aires (Argentina : Province)$xEconomic conditions$vCongresses.
=700  1\$aVaquero, María del Carmen.
=700  1\$aPascale, Juan Carlos.
=852  41$aBritish Library$bHMNTS$jYF.2011.b.1692
=856  41$3Table of contents only$uhttp://www.loc.gov/catdir/toc/gc01/9789871620029.pdf
=856  41$uhttp://core.cambeiro.com.ar/0-114485-3.pdf
=CAT  \\$a11375$b40$c20110525$lBLL01$h0949
=CAT  \\$a11002$b40$c20110822$lBLL01$h1352
=FIN  \\$aY$d20110822
=FMT  \\$a  BK
=LAS  \\$a11002$b40$c20110822$lBLL01$h1352
=SID  \\$aZ39$bLOC

