=LDR  01791 am a22004094a 4500
=001  015814861
=003  Uk
=005  20110927160047.0
=008  100907s2010\\\\ag\ab\\\\b\\\\000\0\spa\d
=010  \\$a2010423889
=020  \\$a9789879028735
=035  \\$a(AR-BaFGC)0-155180/2
=040  \\$aAR-BaFGC$cAR-BaFGC$dDLC$dUk
=042  \\$aukblderived
=043  \\$as-ag---
=050  00$aHD9436.A73$bS26 2010
=245  00$aOtoño en la estepa :$bambiente, ganaderìa y vínculos en la Patagonia Austral /$cLarry Andrade, director ... [et al.].
=260  \\$a[Viedma, Argentina?] :$bIIDyPCa, Instituto de Investigaciones en Diversidad Cultural y Procesos de Cambio, Universidad Nacional de Río Negro ;$a[Río Gallegos, Argentina?] :$bUniversidad Nacional de la Patagonia Austral ;$aBuenos Aires :$bAgencia :$bLa Colmena,$cc2010.
=300  \\$a306 p. :$bill. (some col.), maps ;$c23 cm.
=336  \\$atext$2rdacontent
=337  \\$aunmediated$2rdamedia
=338  \\$avolume$2rdacarrier
=504  \\$aIncludes bibliographical references (p. [293]-306).
=650  \0$aSheep industry$xSocial aspects$zArgentina$zSanta Cruz (Province)
=650  \0$aSheep industry$xEconomic aspects$zArgentina$zSanta Cruz (Province)
=650  \0$aDesertification$zArgentina$zSanta Cruz (Province)
=650  \0$aRural conditions$zArgentina$zSanta Cruz (Province)
=700  1\$aAndrade, Larry.
=852  41$aBritish Library$bHMNTS$jYF.2011.a.21341
=856  41$3Table of contents only$uhttp://www.loc.gov/catdir/toc/gc01/9789879028735.pdf
=856  41$uhttp://core.cambeiro.com.ar/0-155180-2.pdf
=CAT  \\$a11375$b40$c20110525$lBLL01$h0956
=CAT  \\$a11002$b40$c20110927$lBLL01$h1600
=FIN  \\$aY$d20110927
=FMT  \\$a  BK
=LAS  \\$a11002$b40$c20110927$lBLL01$h1600
=SID  \\$aZ39$bLOC

