=LDR  01532 am a22004214a 4500
=001  015814938
=003  Uk
=005  20110718085456.0
=008  101119s2010\\\\ag\\\\\\\b\\\\000\0\spa\d
=010  \\$a2010504192
=020  \\$a9789871505173
=035  \\$a(AR-BaFGC)0-160232/0
=040  \\$aAR-BaFGC$cAR-BaFGC$dDLC$dUk
=042  \\$aukblderived
=043  \\$acl-----
=050  00$aF1414.3$b.F36 2010
=245  03$aEl fantasma socialista y los mitos hegemónicos :$bGramsci y Benjamin en América Latina /$cHugo Calello y Susana Neuhaus, autore sy compiladores ; Laura Meyer ... [et al.], autores.
=260  \\$aBuenos Aires :$bHerramienta Ediciones,$cc2010.
=300  \\$a371 p. ;$c23 cm.
=336  \\$atext$2rdacontent
=337  \\$aunmediated$2rdamedia
=338  \\$avolume$2rdacarrier
=504  \\$aIncludes bibliographical references.
=650  \0$aSocial conflict$zLatin America.
=650  \0$aSocial movements$zLatin America.
=650  \0$aSocialism$zLatin America.
=651  \0$aLatin America$xPolitics and government$y1985-$xPhilosophy.
=700  1\$aCalello, Hugo.
=700  1\$aNeuhaus, Susana.
=852  41$aBritish Library$bHMNTS$jYF.2011.a.15912
=856  41$3Table of contents only$uhttp://www.loc.gov/catdir/toc/gc01/9789871505173.pdf
=856  41$uhttp://core.cambeiro.com.ar/0-160232-0.pdf
=CAT  \\$a11375$b40$c20110525$lBLL01$h1153
=CAT  \\$a11002$b40$c20110718$lBLL01$h0854
=FIN  \\$aY$d20110718
=FMT  \\$a  BK
=LAS  \\$a11002$b40$c20110718$lBLL01$h0854
=SID  \\$aZ39$bLOC

