=LDR  01668 am a2200445 a 4500
=001  015814951
=003  Uk
=005  20110719135608.0
=008  101126s2010\\\\ag\ab\\\\b\\\\000\0\spa\d
=010  \\$a2010504203
=020  \\$a9789871599356
=035  \\$a(AR-BaFGC)0-139767/9
=040  \\$aAR-BaFGC$cAR-BaFGC$dDLC$dUk
=042  \\$aukblcatcopy
=043  \\$as------
=050  00$aHD1476.S63$bA37 2010
=245  04$aLas agriculturas familiares del Mercosur :$btrayectorias, amenazas y desafíios /$cMabel Manzanal y Guillermo Neiman, compiladores ; Fátima Almada ... [et al.].
=250  \\$a1. ed.
=260  \\$a[Argentina] :$bEdiciones Ciccus,$c2010.
=300  \\$a324 p. :$bill., maps ;$c23 cm.
=336  \\$atext$2rdacontent
=337  \\$aunmediated$2rdamedia
=338  \\$avolume$2rdacarrier
=490  0\$aColección "Trabajo, integración y sociedad"
=504  \\$aIncludes bibliographical references.
=650  \0$aFamily farms$zSouthern Cone of South America.
=650  \0$aAgriculture and state$zSouthern Cone of South America.
=650  \0$aLand reform$zSouthern Cone of South America.
=650  \0$aAgriculture$xEconomic aspects$zSouthern Cone of South America.
=700  1\$aManzanal, Mabel.
=700  1\$aNeiman, Guillermo.
=852  41$aBritish Library$bHMNTS$jYF.2011.a.16372
=856  41$uhttp://core.cambeiro.com.ar/0-139767-9.pdf
=856  41$3Table of contents only$uhttp://www.loc.gov/catdir/toc/gc01/9789871599356.pdf
=CAT  \\$a11375$b40$c20110525$lBLL01$h1204
=CAT  \\$a5703$b40$c20110719$lBLL01$h1356
=FIN  \\$aY$d20110719
=FMT  \\$a  BK
=LAS  \\$a5703$b40$c20110719$lBLL01$h1356
=SID  \\$aZ39$bLOC

