=LDR  01822 am a22004454a 4500
=001  015814967
=003  Uk
=005  20111011120902.0
=008  100916s2009\\\\ag\\\\\\\b\\\\100\0\spa\d
=010  \\$a2010423934
=020  \\$a9789503406045
=035  \\$a(AR-BaFGC)0-154427/2
=040  \\$aAR-BaFGC$cAR-BaFGC$dDLC$dUk
=042  \\$aukblderived
=043  \\$as-ag---
=050  00$aHQ799.A7$bR48 2006
=111  2\$aReunión Nacional de Investigadora/es en Juventudes$n(1 :$d2006 :$cLa Plata, Argentina)
=245  10$aHacia un estado del arte 2007 /$cautores, AAVV [i. e. autores varios] ; coordinación editorial Grupo de Estudios en Juventudes, Núcleo de Estudios Socioculturales, Facultad de Trabajo Social, UNLP ; coordinadora, Marian Chaves.
=250  \\$a1o [sic] ed.
=260  \\$aLa Plata [Buenos Aires, Argentina] :$bRed de Investigadora/es en Juventudes Argentina :$bEditorial de la Universidad Nacional de La Plata,$c2009.
=300  \\$a394 p. ;$c22 cm.
=336  \\$atext$2rdacontent
=337  \\$aunmediated$2rdamedia
=338  \\$avolume$2rdacarrier
=490  0\$aColección Sociales
=490  0\$aEstudios sobre juventudes en Argentina ;$v1
=504  \\$aIncludes bibliographical references.
=650  \0$aYouth$zArgentina$xSocial conditions.
=650  \0$aYouth$zArgentina$xAttitudes.
=700  1\$aChaves, Mariana.
=710  2\$aGrupo de Estudios en Juventudes (Argentina)
=852  41$aBritish Library$bHMNTS$jYF.2011.a.22106
=856  41$3Table of contents only$uhttp://www.loc.gov/catdir/toc/gc01/9789503406045.pdf
=856  41$uhttp://core.cambeiro.com.ar/0-154427-2.pdf
=CAT  \\$a11375$b40$c20110525$lBLL01$h1218
=CAT  \\$a11131$b40$c20111011$lBLL01$h1209
=FIN  \\$aY$d20111011
=FMT  \\$a  BK
=LAS  \\$a11131$b40$c20111011$lBLL01$h1209
=SID  \\$aZ39$bLOC

