=LDR  01699 am a22004454a 4500
=001  015814988
=003  Uk
=005  20110718103934.0
=008  101213s2010\\\\ag\a\\\\\b\\\\000\0\spa\d
=010  \\$a2010504265
=020  \\$a9789875744301
=035  \\$a(AR-BaFGC)0-159205/3
=040  \\$aAR-BaFGC$cAR-BaFGC$dDLC$dUk
=042  \\$aukblderived
=043  \\$as-ag---
=050  00$aHD1863$b.C36 2010
=245  00$aCampos de batalla :$blas rutas, los medios y las plazas en el nuevo conflicto agrario /$cRicardo Aronskind y Gabriel Vommaro, compiladores.
=260  \\$aBuenos Aires :$bPrometeo Libros ;$a[Los Polvorines, Argentina?] :$bUniversidad Nacional de General Sarmiento,$cc2010.
=300  \\$a353 p. :$bill. ;$c22 cm.
=336  \\$atext$2rdacontent
=337  \\$aunmediated$2rdamedia
=338  \\$avolume$2rdacarrier
=490  0\$aColección Política, políticas y sociedad
=504  \\$aIncludes bibliographical references.
=650  \0$aAgriculture and state$zArgentina.
=650  \0$aAgriculture$xEconomic aspects$zArgentina.
=650  \0$aAgriculture$xSocial aspects$zArgentina.
=650  \0$aSocial movements$zArgentina.
=650  \0$aSocial movements$xPress coverage$zArgentina.
=700  1\$aAronskind, Ricardo C.
=700  1\$aVommaro, Gabriel,$d1976-
=852  41$aBritish Library$bHMNTS$jYF.2011.a.15910
=856  41$3Table of contents only$uhttp://www.loc.gov/catdir/toc/gc01/9789875744301.pdf
=856  41$uhttp://core.cambeiro.com.ar/0-159205-3.pdf
=CAT  \\$a11375$b40$c20110525$lBLL01$h1248
=CAT  \\$a11002$b40$c20110718$lBLL01$h1039
=FIN  \\$aY$d20110718
=FMT  \\$a  BK
=LAS  \\$a11002$b40$c20110718$lBLL01$h1039
=SID  \\$aZ39$bLOC

