=LDR  01654 am a2200409 a 4500
=001  015815015
=003  Uk
=005  20110719134441.0
=008  101015s2010\\\\ag\a\\\\\b\\\\000\0\spa\d
=010  \\$a2010504081
=020  \\$a9789871599363
=035  \\$a(AR-BaFGC)0-160243/0
=040  \\$aAR-BaFGC$cAR-BaFGC$dDLC$dUk
=042  \\$aukblcatcopy
=043  \\$as-ag---
=050  00$aHV185.B9$bD66 2010
=245  00$aDonde hay una necesidad, nace una organización :$bsurgimiento y transformaciones de las asociaciones populares urbanas /$cdirector, Javier Bráncoli ; co-director, Miguel Vallone ; equipo de investigación, Sol Benavente ... [et al.].
=260  \\$a[Argentina?] :$bFacultad de Ciencias Sociales, Universidad de Buenos Aires :$bFundación Ciccus,$c2010.
=300  \\$a269 p. :$bill. ;$c23 cm.
=336  \\$atext$2rdacontent
=337  \\$aunmediated$2rdamedia
=338  \\$avolume$2rdacarrier
=504  \\$aIncludes bibliographical references (p. 257-263).
=650  \0$aHuman services$zArgentina$zBuenos Aires Region.
=650  \0$aCommunity organization$zArgentina$zBuenos Aires Region.
=650  \0$aBuenos Aires Region (Argentina)$xSocial policy.
=700  1\$aBráncoli, Javier.
=700  1\$aVallone, Miguel.
=852  41$aBritish Library$bHMNTS$jYF.2011.a.16392
=856  41$3Table of contents only$uhttp://www.loc.gov/catdir/toc/gc01/9789871599363.pdf
=856  41$uhttp://core.cambeiro.com.ar/0-160243-0.pdf
=CAT  \\$a11375$b40$c20110525$lBLL01$h1343
=CAT  \\$a5703$b40$c20110719$lBLL01$h1344
=FIN  \\$aY$d20110719
=FMT  \\$a  BK
=LAS  \\$a5703$b40$c20110719$lBLL01$h1344
=SID  \\$aZ39$bLOC

