=LDR  01692 am a22004694a 4500
=001  015815162
=003  Uk
=005  20110718111715.0
=008  110217s2010\\\\ag\a\\\\\b\\\\000\0\spa\d
=010  \\$a2010504434
=020  \\$z9789875744295
=035  \\$a(AR-BaFGC)0-161378/0
=040  \\$aAR-BaFGC$cAR-BaFGC$dDLC$dUk
=041  0\$aspa$apor
=042  \\$aukblderived
=043  \\$as-ag---$as-bl---
=050  00$aHD6602$b.E88 2010
=245  00$aEstado, instituciones laborales y acción sindical en países del Mercosur frente al contexto de la crisis mundial /$cArturo Fernández, Cecilia Senen González, comp.
=260  \\$aCiudad Autónoma de Buenos Aires :$bPrometeo Libros,$cc2010.
=300  \\$a345 p. :$bill. ;$c22 cm.
=336  \\$atext$2rdacontent
=337  \\$aunmediated$2rdamedia
=338  \\$avolume$2rdacarrier
=504  \\$aIncludes bibliographical references.
=546  \\$aTexts in Spanish and one in Portuguese.
=650  \0$aLabor unions$zArgentina.
=650  \0$aLabor unions$zBrazil.
=650  \0$aIndustrial relations$zArgentina.
=650  \0$aIndustrial relations$zBrazil.
=650  \0$aLabor policy$zArgentina.
=650  \0$aLabor policy$zBrazil.
=700  1\$aFernández, Arturo,$d1940-
=700  1\$aSenen González, Cecilia.
=852  41$aBritish Library$bHMNTS$jYF.2011.a.16104
=856  41$3Table of contents only$uhttp://www.loc.gov/catdir/toc/gc01/9789875744295.pdf
=856  41$uhttp://core.cambeiro.com.ar/0-161378-0.pdf
=CAT  \\$a5918$b40$c20110526$lBLL01$h1042
=CAT  \\$a11002$b40$c20110718$lBLL01$h1117
=FIN  \\$aY$d20110718
=FMT  \\$a  BK
=LAS  \\$a11002$b40$c20110718$lBLL01$h1117
=SID  \\$aZ39$bLOC

