=LDR  01632 am a22004334a 4500
=001  015815171
=003  Uk
=005  20110718114716.0
=008  101229s2010\\\\ag\\\\\\\bm\\\000\0\spa\d
=010  \\$a2010504319
=020  \\$a9789871497287
=035  \\$a(AR-BaFGC)0-161083/1
=040  \\$aAR-BaFGC$cAR-BaFGC$dDLC$dUk
=042  \\$aukblderived
=043  \\$as-ag---$as-bl---
=050  00$aHD1531.A7$bM53 2010
=100  1\$aMichi, Norma.
=245  10$aMovimientos campesinos y educación :$bel Movimiento de los Trabajadores Rurales Sin Tierra y el Movimiento Campesino de Santiago del Estero-VC /$cNorma Michi.
=260  \\$aBuenos Aires :$bEditorial El Colectivo,$c2010.
=300  \\$a428 p. ;$c22 cm.
=336  \\$atext$2rdacontent
=337  \\$aunmediated$2rdamedia
=338  \\$avolume$2rdacarrier
=490  0\$aColección Orlando Fals Borda
=502  \\$aThesis (doctoral)--Universidad de Buenos Aires, 2008.
=504  \\$aIncludes bibliographical references (p. 407-428).
=610  20$aMovimiento de Campesinos de Santiago del Estero (Argentina)
=610  20$aMovimento dos Trabalhadores Rurais sem Terra (Brazil)
=650  \0$aEducation, Rural$zArgentina.
=650  \0$aEducation, Rural$zBrazil.
=852  41$aBritish Library$bHMNTS$jYF.2011.a.16152
=856  41$uhttp://core.cambeiro.com.ar/0-161083-1.pdf
=856  41$3Table of contents only$uhttp://www.loc.gov/catdir/toc/gc01/9789871497287.pdf
=CAT  \\$a5918$b40$c20110526$lBLL01$h1050
=CAT  \\$a11002$b40$c20110718$lBLL01$h1147
=FIN  \\$aY$d20110718
=FMT  \\$a  BK
=LAS  \\$a11002$b40$c20110718$lBLL01$h1147
=SID  \\$aZ39$bLOC

