=LDR  01697 am a2200505 a 4500
=001  015815177
=003  Uk
=005  20110906113739.0
=008  110511s2010\\\\ag\b\\\\\b\\\\000\0\spa\d
=010  \\$a2011438104
=020  \\$a9789870416104 (pbk.)
=020  \\$a9870416101 (pbk.)
=035  \\$a(OCoLC)699996881
=035  \\$a(AR-BaFGC)0-84620/11
=040  \\$aAR-BaFGC$beng$cAR-BaFGC$dDLC$dUk
=042  \\$aukblsr
=043  \\$as-bo---
=050  \4$aJL
=050  00$aF3327$b.S88 2010
=100  1\$aSvampa, Maristella.
=245  10$aDebatir Bolivia :$bperspectivas de un proyecto de descolonización /$cMaristella Svampa, Pablo Stefanoni y Bruno Fornillo.
=260  \\$aBuenos Aires :$bTaurus,$cc2010.
=300  \\$a291 p. :$b1 map ;$c24 cm.
=336  \\$atext$2rdacontent
=337  \\$aunmediated$2rdamedia
=338  \\$avolume$2rdacarrier
=490  1\$aPensamiento
=504  \\$aIncludes bibliographical references.
=650  \0$aIntellectuals$zBolivia$vInterviews.
=651  \0$aBolivia$xPolitics and government$y2006-
=653  \\$aMovimiento al Socialismo (Bolivia)
=653  \\$aBolivia$aPolítica y gobierno$aSiglos XX-XXI
=700  1\$aStefanoni, Pablo.
=700  1\$aFornillo, Bruno.
=830  \0$aPensamiento (Taurus (Firm))
=852  41$aBritish Library$bHMNTS$jYF.2011.a.19277
=856  41$3Table of contents only$uhttp://www.loc.gov/catdir/toc/gc01/9789870416104.pdf
=856  41$uhttp://core.cambeiro.com.ar/0-84620-11.pdf
=CAT  \\$a5918$b40$c20110526$lBLL01$h1100
=CAT  \\$a5521$b40$c20110906$lBLL01$h1137
=FIN  \\$aY$d20110906
=FMT  \\$a  BK
=LAS  \\$a5521$b40$c20110906$lBLL01$h1137
=SID  \\$aZ39$bOCLC
=SID  \\$aZ39$bLOC

