=LDR  01788 am a22004814a 4500
=001  015815227
=003  Uk
=005  20110811162429.0
=008  110310s2010\\\\ag\a\\\\\b\\\\000\0\spa\d
=010  \\$a2010504488
=020  \\$z9789871238705 (pbk.)
=035  \\$a(AR-BaFGC)0-161605/0
=040  \\$aAR-BaFGC$beng$cAR-BaFGC$dDLC$dUk
=042  \\$aukblsr
=043  \\$as-ag---
=050  00$aHD1863$b.D45 2010
=245  00$aDel paro agrario a las elecciones de 2009 :$btramas, reflexiones y debates /$cNorma Giarracca, Miguel Teubal, coordinadores ; autores, María Celeste Castro García ... [et al.].
=250  \\$a1. ed.
=260  \\$a[Buenos Aires] :$bEditorial Antropofagia,$c2010.
=300  \\$a416 p. :$bill. ;$c23 cm.
=336  \\$atext$2rdacontent
=337  \\$aunmediated$2rdamedia
=338  \\$avolume$2rdacarrier
=504  \\$aIncludes bibliographical references (p. 405-414).
=650  \0$aAgriculture and state$zArgentina.
=650  \0$aAgriculture$xEconomic aspects$zArgentina.
=650  \0$aAgriculture and politics$zArgentina.
=650  \0$aAgriculture$xSocial aspects$zArgentina.
=700  1\$aGiarracca, Norma.
=700  1\$aTeubal, Miguel.
=700  1\$aCastro García, María Celeste.
=852  41$aBritish Library$bHMNTS$jYF.2011.a.17390
=856  41$3Table of contents only$uhttp://www.loc.gov/catdir/toc/gc01/9789871238705.pdf
=856  41$uhttp://core.cambeiro.com.ar/0-161605-0.pdf
=CAT  \\$a5918$b40$c20110526$lBLL01$h1159
=CAT  \\$a11131$b40$c20110801$lBLL01$h1123
=CAT  \\$a5521$b40$c20110804$lBLL01$h1114
=CAT  \\$a11327$b40$c20110811$lBLL01$h1624
=CAT  \\$aBATCH-UPD$b40$c20110814$lBLL01$h2038
=FIN  \\$aY$d20110804
=FMT  \\$a  BK
=LAS  \\$aBATCH-UPD$b40$c20110814$lBLL01$h2038
=SID  \\$aZ39$bLOC

