=LDR  01654 am a2200433 a 4500
=001  015815233
=003  Uk
=005  20110719110439.0
=008  110225s2010\\\\ag\a\\\\\b\\\\000\0\spa\d
=010  \\$a2010504459
=020  \\$z9789871599387
=035  \\$a(AR-BaFGC)0-139767/10
=040  \\$aAR-BaFGC$cAR-BaFGC$dDLC$dUk
=042  \\$aukblcatcopy
=043  \\$as-ag---
=050  00$aHN270.S3$bM86 2010
=245  03$aEl mundo chacarero en tiempos de cambio :$bherencia, territorio e identidad en los pueblos sojeros /$cCarla Grasy Karina Bidaseca, directoras ; Iván Jaramillo ... [et al.].
=250  \\$a1. ed.
=260  \\$a[Argentina] :$bEdiciones CICCUS,$c2010.
=300  \\$a283 p. :$bill. ;$c23 cm.
=336  \\$atext$2rdacontent
=337  \\$aunmediated$2rdamedia
=338  \\$avolume$2rdacarrier
=490  0\$aColección Trabajo, integración y sociedad
=504  \\$aIncludes bibliographical references.
=650  \0$aFarmers$zArgentina$zSanta Fe (Province)$xSocial conditions$vCase studies.
=650  \0$aAgriculture$xSocial aspects$zArgentina$zSanta Fe (Province)$vCase studies.
=651  \0$aSanta Fe (Argentina : Province)$xRural conditions$vCase studies.
=700  1\$aGras, Carla.
=700  1\$aBidaseca, Karina.
=852  41$aBritish Library$bHMNTS$jYF.2011.a.16432
=856  41$3Table of contents only$uhttp://www.loc.gov/catdir/toc/gc01/9789871599387.pdf
=856  41$uhttp://core.cambeiro.com.ar/0-139767-10.pdf
=CAT  \\$a5918$b40$c20110526$lBLL01$h1203
=CAT  \\$a5703$b40$c20110719$lBLL01$h1104
=FIN  \\$aY$d20110719
=FMT  \\$a  BK
=LAS  \\$a5703$b40$c20110719$lBLL01$h1104
=SID  \\$aZ39$bLOC

