=LDR  01961 am a22004694a 4500
=001  015815275
=003  Uk
=005  20110718104225.0
=008  100723s2010\\\\ag\\\\\\\b\\\\000\0\spa\d
=010  \\$a2010423631
=020  \\$a9789875743984
=035  \\$a(AR-BaFGC)0-159061/3
=040  \\$aAR-BaFGC$cAR-BaFGC$dDLC$dUk
=042  \\$aukblderived
=043  \\$as-cl---$as-ag---
=050  00$aHN293$b.C66 2010
=245  00$aConstrucción estatal, orden oligárquico y respuestas sociales :$bArgentina y Chile, 1840-1930 /$cErnesto Bohoslavsky, Milton Godoy Orellana ; [autores, Rodrigo Araya Gómez ... [et al.].
=260  \\$aBuenos Aires :$bPrometeo Libros ;$a[Santiago, Chile] :$bUniversidad Academia de Humanismo Cristiano ;$a[Los Polvorines, Argentina] :$bUniversidad Nacional de General Sarmiento,$cc2010.
=300  \\$a335 p. ;$c21 cm.
=336  \\$atext$2rdacontent
=337  \\$aunmediated$2rdamedia
=338  \\$avolume$2rdacarrier
=490  0\$aColección Humanidades
=504  \\$aIncludes bibliographical references.
=650  \0$aSocial control$zArgentina$xHistory$y19th century.
=650  \0$aSocial control$zChile$xHistory$y19th century.
=651  \0$aChile$xSocial conditions$y19th century.
=651  \0$aArgentina$xSocial conditions$y19th century.
=651  \0$aArgentina$xPolitics and government$y1860-1910.
=651  \0$aArgentina$xPolitics and government$y1910-1943.
=651  \0$aChile$xPolitics and government$y1824-1920.
=700  1\$aBohoslavsky, Ernesto Lázaro.
=700  1\$aGodoy Orellana, Milton.
=852  41$aBritish Library$bHMNTS$jYF.2011.a.16109
=856  41$3Table of contents only$uhttp://www.loc.gov/catdir/toc/gc01/9789875743984.pdf
=856  41$uhttp://core.cambeiro.com.ar/0-159061-3.pdf
=CAT  \\$a5918$b40$c20110526$lBLL01$h1344
=CAT  \\$a11002$b40$c20110718$lBLL01$h1042
=FIN  \\$aY$d20110718
=FMT  \\$a  BK
=LAS  \\$a11002$b40$c20110718$lBLL01$h1042
=SID  \\$aZ39$bLOC

