=LDR  01557 am a22004334a 4500
=001  015815283
=003  Uk
=005  20110718082625.0
=008  100928s2010\\\\ag\\\\\\\b\\\\000\0\spa\d
=010  \\$a2010423996
=020  \\$a9789502317274
=035  \\$a(AR-BaFGC)0-786/22
=040  \\$aAR-BaFGC$cAR-BaFGC$dDLC$dUk
=042  \\$aukblderived
=043  \\$as-ag---
=050  00$aHV6322.3.A7$bM467 2010
=245  00$aMemorias fraternas :$bla experiencia de hermanos de desaparecidos, tíos de jóvenes apropiados durante la última dictadura militar /$cRuth V. Teubal ... [et al.].
=250  \\$a1. ed.
=260  \\$aCiudad de Buenos Aires :$bEudeba,$c2010.
=300  \\$a262 p. ;$c23 cm.
=336  \\$atext$2rdacontent
=337  \\$aunmediated$2rdamedia
=338  \\$avolume$2rdacarrier
=490  0\$aDerechos humanos
=504  \\$aIncludes bibliographical references.
=650  \0$aDisappeared persons' families$zArgentina.
=650  \0$aBrothers and sisters$zArgentina$vInterviews.
=650  \0$aDisappeared person's$xFamily relationships$zArgentina.
=650  \0$aMemory$xSocial aspects$zArgentina.
=700  1\$aTeubal, Ruth.
=852  41$aBritish Library$bHMNTS$jYF.2011.a.16198
=856  41$3Table of contents only$uhttp://www.loc.gov/catdir/toc/gc01/9789502317274.pdf
=856  41$uhttp://core.cambeiro.com.ar/0-786-22.pdf
=CAT  \\$a5918$b40$c20110526$lBLL01$h1353
=CAT  \\$a11002$b40$c20110718$lBLL01$h0826
=FIN  \\$aY$d20110718
=FMT  \\$a  BK
=LAS  \\$a11002$b40$c20110718$lBLL01$h0826
=SID  \\$aZ39$bLOC

