=LDR  01473 am a22004214a 4500
=001  015815311
=003  Uk
=005  20110718112804.0
=008  091116s2009\\\\ag\\\\\\\b\\\\000\0\spa\d
=010  \\$a  2009400483
=020  \\$a9789875743533
=035  \\$a(AR-BaFGC)0-153486/2
=040  \\$aAR-BaFGC$cAR-BaFGC$dDLC$dUk
=042  \\$aukblderived
=043  \\$ae-sp---$as-ag---
=050  00$aHQ1180$b.E84 2009
=245  04$aLos estudios de las mujeres de España y de Argentina :$bpropuestas para el debate /$cNuria Romo ... [et al.], editoras ; [las autoras, Nélida Bonaccorsi ... et al.].
=260  \\$aBuenos Aires :$bPrometeo Libros,$cc2009.
=300  \\$a296 p. ;$c22 cm.
=336  \\$atext$2rdacontent
=337  \\$aunmediated$2rdamedia
=338  \\$avolume$2rdacarrier
=490  0\$aColección Historia extramuros
=504  \\$aIncludes bibliographical references.
=650  \0$aWomen's studies$zSpain.
=650  \0$aWomen's studies$zArgentina.
=650  \0$aWomen$zSpain.
=650  \0$aWomen$zArgentina.
=700  1\$aRomo Avilés, Nuria.
=852  41$aBritish Library$bHMNTS$jYF.2011.a.16210
=856  41$3Table of contents only$uhttp://www.loc.gov/catdir/toc/gc01/9789875743533.pdf
=856  41$uhttp://core.cambeiro.com.ar/0-153486-2.pdf
=CAT  \\$a5918$b40$c20110526$lBLL01$h1431
=CAT  \\$a11002$b40$c20110718$lBLL01$h1128
=FIN  \\$aY$d20110718
=FMT  \\$a  BK
=LAS  \\$a11002$b40$c20110718$lBLL01$h1128
=SRC  \\$aBLL02

