=LDR  01483 am a22004094a 4500
=001  015815321
=003  Uk
=005  20110927162947.0
=008  100319s2009\\\\ag\\\\\\\b\\\\000\0\spa\d
=010  \\$a  2010423032
=020  \\$a9789507867651
=035  \\$a(AR-BaFGC)0-151603/6
=040  \\$aAR-BaFGC$cAR-BaFGC$dDLC$dUk
=042  \\$aukblderived
=043  \\$as-ag---
=050  00$aF2821.3.E84$bP84 2009
=245  00$aPueblos indígenas :$binterculturalidad, colonialidad, política /$cLiliana Tamagno, coordinadora ; prólogo, Miguel Alberto Bartolomé ; Alejandro Omar Balazote ... [et al.].
=260  \\$aBuenos Aires :$bEditorial Biblos,$cc2009.
=300  \\$a206 p. ;$c23 cm.
=336  \\$atext$2rdacontent
=337  \\$aunmediated$2rdamedia
=338  \\$avolume$2rdacarrier
=490  0\$aCulturalia
=504  \\$aIncludes bibliographical references (p. 191-204).
=650  \0$aIndians of South America$zArgentina$xEthnic identity.
=650  \0$aCultural pluralism$zArgentina.
=651  \0$aArgentina$xEthnic relations.
=700  1\$aTamagno, Liliana E.
=852  41$aBritish Library$bHMNTS$jYF.2011.a.21123
=856  41$3Table of contents only$uhttp://www.loc.gov/catdir/toc/gc01/9789507867651.pdf
=856  41$uhttp://core.cambeiro.com.ar/0-151603-6.pdf
=CAT  \\$a5918$b40$c20110526$lBLL01$h1440
=CAT  \\$a11002$b40$c20110927$lBLL01$h1629
=FIN  \\$aY$d20110927
=FMT  \\$a  BK
=LAS  \\$a11002$b40$c20110927$lBLL01$h1629
=SRC  \\$aBLL02

