=LDR  01902 am a22004814a 4500
=001  015815867
=003  Uk
=005  20110907165553.0
=008  110105s2008\\\\ag\a\\\\\b\\\\100\0\spa\d
=010  \\$a2010504351
=020  \\$a9789871231409 (pbk.)
=035  \\$a(AR-BaFGC)0-128872/9
=040  \\$aAR-BaFGC$beng$cAR-BaFGC$dDLC$dUk
=041  0\$aspa$apor
=042  \\$aukblsr
=043  \\$as-ag---
=050  00$aRA790.7.A7$bS83 2008
=245  00$aSubjetividad y política :$btrabajo : entre asedios y vitalidades : avatares de la memoria en los Congresos Salud Mental y Derechos Humanos : congresos realizados entre 2002-2006 /$ccompilación de "Espacios de diálogo" por Dulce Suaya.
=260  \\$aBuenos Aires :$bEdiciones Madres de Plaza de Mayo,$c2008.
=300  \\$a285 p. :$bill. ;$c21 cm.
=336  \\$atext$2rdacontent
=337  \\$aunmediated$2rdamedia
=338  \\$avolume$2rdacarrier
=504  \\$aIncludes bibliographical references.
=546  \\$aMostly in Spanish, with one paper in Portuguese.
=650  \0$aMental health$zArgentina$vCongresses.
=650  \0$aHuman rights$zArgentina$vCongresses.
=650  \0$aOccupational diseases$zArgentina$vCongresses.
=650  \0$aJob stress$zArgentina$vCongresses.
=700  1\$aSuaya, Dulce.
=710  2\$aMadres de Plaza de Mayo (Association)
=711  2\$aCongreso Internacional de Salud Mental y Derechos Humanos.
=852  41$aBritish Library$bHMNTS$jYF.2011.a.19334
=856  41$3Table of contents only$uhttp://www.loc.gov/catdir/toc/gc01/9789871231409.pdf
=856  41$uhttp://core.cambeiro.com.ar/0-128872-9.pdf
=CAT  \\$a11375$b40$c20110531$lBLL01$h1103
=CAT  \\$a11131$b40$c20110801$lBLL01$h1208
=CAT  \\$a5521$b40$c20110907$lBLL01$h1652
=CAT  \\$a5521$b40$c20110907$lBLL01$h1655
=FIN  \\$aY$d20110907
=FMT  \\$a  BK
=LAS  \\$a5521$b40$c20110907$lBLL01$h1655
=SID  \\$aZ39$bLOC

