=LDR  01646 am a22004454a 4500
=001  015815874
=003  Uk
=005  20110913162813.0
=008  101018s2010\\\\ag\a\\\\\b\\\\100\0\spa\d
=010  \\$a2010504079
=020  \\$a9789871013852
=035  \\$a(AR-BaFGC)0-150068/3
=040  \\$aAR-BaFGC$cAR-BaFGC$dDLC$dUk
=042  \\$aukblderived
=043  \\$acl-----$ae------
=050  00$aHQ755.5.L38$bD47 2010
=245  00$aDerivas de Darwin :$bcultura y política en clave biológica /$cGustavo Vallejo, Marisa Miranda, directores.
=260  \\$aCiudad Autónoma de Buenos Aires :$bSiglo XXI,$cc2010.
=300  \\$a415 p. :$bill. ;$c21 cm.
=336  \\$atext$2rdacontent
=337  \\$aunmediated$2rdamedia
=338  \\$avolume$2rdacarrier
=490  0\$aCiencia
=504  \\$aIncludes bibliographical references.
=650  \0$aEugenics$xSocial aspects$zLatin America$xHistory$vCongresses.
=650  \0$aEugenics$xSocial aspects$zEurope$xHistory$vCongresses.
=650  \0$aSocial Darwinism$zLatin America$xHistory$vCongresses.
=650  \0$aHuman body$xSocial aspects$zLatin America$xHistory$vCongresses.
=700  1\$aVallejo, Gustavo.
=700  1\$aMiranda, Marisa.
=852  41$aBritish Library$bHMNTS$jYF.2011.a.20213
=856  41$3Table of contents only$uhttp://www.loc.gov/catdir/toc/gc01/9789871013852.pdf
=856  41$uhttp://core.cambeiro.com.ar/0-150068-3.pdf
=CAT  \\$a11375$b40$c20110531$lBLL01$h1108
=CAT  \\$a11002$b40$c20110822$lBLL01$h1107
=CAT  \\$a5512$b40$c20110913$lBLL01$h1628
=FIN  \\$aY$d20110822
=FMT  \\$a  BK
=LAS  \\$a5512$b40$c20110913$lBLL01$h1628
=SID  \\$aZ39$bLOC

