=LDR  01742 am a22004694a 4500
=001  015815896
=003  Uk
=005  20110801113517.0
=008  100830s2010\\\\ag\a\\\\\b\\\\000\0\spa\d
=010  \\$a2010423856
=020  \\$a9789872349417
=035  \\$a(AR-BaFGC)0-159822/1
=040  \\$aAR-BaFGC$cAR-BaFGC$dDLC$dUk
=042  \\$aukblderived
=043  \\$as-bo---
=050  00$aHN273.5$b.B63 2010
=245  00$aBolivia, conflicto y cambio social /$cJuan Luis Hernández, Marisa Gabriela Armida, Augusto Alberto Bartolini, coordinadores.
=246  1\$iSubtitle on cover:$a1985-2009
=260  \\$aCiudad de Buenos Aires :$bEditorial Newen Mapu,$cc2010.
=300  \\$a221 p. :$bill. ;$c23 cm.
=336  \\$atext$2rdacontent
=337  \\$aunmediated$2rdamedia
=338  \\$avolume$2rdacarrier
=490  0\$aColección América Latina. Serie Estudios y debates ;$v2
=504  \\$aIncludes bibliographical references (p. [203]-221).
=650  \0$aSocial movements$zBolivia.
=650  \0$aSocial conflict$zBolivia$xHistory$y20th century.
=650  \0$aSocial conflict$zBolivia$xHistory$y21st century.
=650  \0$aSocial change$zBolivia.
=651  \0$aBolivia$xPolitics and government$y1982-
=700  1\$aHernández, Juan Luis,$d1950-
=700  1\$aArmida, Marisa.
=700  1\$aBartolini, Augusto Alberto.
=852  41$aBritish Library$bHMNTS$jYF.2011.a.16968
=856  41$3Table of contents only$uhttp://www.loc.gov/catdir/toc/gc01/9789872349417.pdf
=856  41$uhttp://core.cambeiro.com.ar/0-159822-1.pdf
=CAT  \\$a11375$b40$c20110531$lBLL01$h1123
=CAT  \\$a11131$b40$c20110801$lBLL01$h1135
=FIN  \\$aY$d20110801
=FMT  \\$a  BK
=LAS  \\$a11131$b40$c20110801$lBLL01$h1135
=SID  \\$aZ39$bLOC

