=LDR  01547 am a22004334a 4500
=001  015815996
=003  Uk
=005  20110801082253.0
=008  100504s2010\\\\ag\a\\\\\b\\\\000\0\spa\d
=010  \\$a2010423229
=020  \\$a9789876291217
=035  \\$a(AR-BaFGC)0-104313/30
=040  \\$aAR-BaFGC$cAR-BaFGC$dDLC$dUk
=042  \\$aukblderived
=043  \\$as-ag---
=050  00$aF2849.2$b.D573 2010
=245  00$aDiscutir Alfonsín /$cRoberto Gargarella, María Victoria Murillo, Mario Pecheni, compiladores ; [autores] Catalina Smulovitz ... [et al.].
=260  \\$aBuenos Aires :$bSiglo Veintiuno Editores,$cc2010.
=300  \\$a223 p. :$bill. ;$c21 cm.
=336  \\$atext$2rdacontent
=337  \\$aunmediated$2rdamedia
=338  \\$avolume$2rdacarrier
=490  0\$aSociología y política
=504  \\$aIncludes bibliographical references.
=600  10$aAlfonsín, Raúl.
=651  \0$aArgentina$xPolitics and government$y1983-2002.
=700  1\$aGargarella, Roberto,$d1964-
=700  1\$aMurillo, Maria Victoria,$d1967-
=700  1\$aPecheny, Mario.
=852  41$aBritish Library$bHMNTS$jYF.2011.a.17012
=856  41$3Table of contents only$uhttp://www.loc.gov/catdir/toc/gc01/9789876291217.pdf
=856  41$uhttp://core.cambeiro.com.ar/0-104313-30.pdf
=CAT  \\$a11375$b40$c20110531$lBLL01$h1338
=CAT  \\$a11131$b40$c20110801$lBLL01$h0822
=CAT  \\$aBATCH-UPD$b40$c20150729$lBLL01$h2025
=FIN  \\$aY$d20110801
=FMT  \\$a  BK
=LAS  \\$aBATCH-UPD$b40$c20150729$lBLL01$h2025
=SID  \\$aZ39$bLOC

