=LDR  01792 am a22004574a 4500
=001  015816010
=003  Uk
=005  20110907084104.0
=008  100722s2010\\\\ag\\\\\\\b\\\\000\0\spa\d
=010  \\$a2010423605
=020  \\$a9789875743977
=035  \\$a(AR-BaFGC)0-159061/2
=040  \\$aAR-BaFGC$cAR-BaFGC$dDLC$dUk
=042  \\$aukblderived
=043  \\$as-ag---
=050  00$aJL2031$b.E74 2010
=245  03$aUn Estado con rostro humano :$bfuncionarios e instituciones estatales en Argentina, desde1880 hasta la actualidad /$cErnesto Bohoslavsky, Germán Soprano, editores.
=260  \\$aBuenos Aires :$bPrometeo Libros ;$a[Los Polvorines, Argentina] :$bUniversidad Nacional de General Sarmiento,$cc2010.
=300  \\$a465 p. ;$c22 cm.
=336  \\$atext$2rdacontent
=337  \\$aunmediated$2rdamedia
=338  \\$avolume$2rdacarrier
=490  0\$aColección Humanidades
=504  \\$aIncludes bibliographical references.
=650  \0$aAdministrative agencies$zArgentina$xHistory.
=650  \0$aPolice$xSocial aspects$zArgentina$xHistory.
=651  \0$aArgentina$xOfficials and employees$xHistory.
=651  \0$aArgentina$xPolitics and government$y1860-1910.
=651  \0$aArgentina$zPolitics and government$y1910-1943.
=651  \0$aArgentina$xPolitics and government$y1943-
=700  1\$aBohoslavsky, Ernesto Lázaro.
=700  1\$aSoprano, Germán.
=852  41$aBritish Library$bHMNTS$jYF.2011.a.19154
=856  41$3Table of contents only$uhttp://www.loc.gov/catdir/toc/gc01/9789875743977.pdf
=856  41$uhttp://core.cambeiro.com.ar/0-159061-2.pdf
=CAT  \\$a11375$b40$c20110531$lBLL01$h1349
=CAT  \\$a10904$b40$c20110907$lBLL01$h0841
=FIN  \\$aY$d20110907
=FMT  \\$a  BK
=LAS  \\$a10904$b40$c20110907$lBLL01$h0841
=SID  \\$aZ39$bLOC

