=LDR  01540 am a22004334a 4500
=001  015816063
=003  Uk
=005  20110718073201.0
=008  100713s2010\\\\ag\a\\\\\b\\\\000\0cspa\d
=010  \\$a2010423561
=020  \\$a9789500432580
=035  \\$a(AR-BaFGC)0-158896/0
=040  \\$aAR-BaFGC$cAR-BaFGC$dDLC$dUk
=042  \\$aukblderived
=043  \\$as-ag---
=050  00$aF2845$b.R438 2010
=245  00$aRevolución en el Plata :$bprotagonistas de mayo de 1810 /$cMiguel Angel De Marco, Eduardo Martiré, coordinadores.
=250  \\$a1a ed.
=260  \\$aBuenos Aires :$bEmecé :$bAcademia Nacional de la Historia,$c2010.
=300  \\$a568 p. :$bill. ;$c24 cm.
=336  \\$atext$2rdacontent
=337  \\$aunmediated$2rdamedia
=338  \\$avolume$2rdacarrier
=504  \\$aIncludes bibliographical references.
=651  \0$aArgentina$xHistory$yWar of Independence, 1810-1817$vBiography.
=651  \0$aArgentina$vBiography.
=700  1\$aMarco, Miguel Ángel de.
=700  1\$aMartiré, Eduardo.
=710  2\$aAcademia Nacional de la Historia.
=852  41$aBritish Library$bHMNTS$jYF.2011.a.16260
=856  41$3Table of contents only$uhttp://www.loc.gov/catdir/toc/gc01/9789500432580.pdf
=856  41$uhttp://core.cambeiro.com.ar/0-158896-0.pdf
=CAT  \\$a11375$b40$c20110531$lBLL01$h1436
=CAT  \\$a11002$b40$c20110718$lBLL01$h0732
=CAT  \\$aBATCH-UPD$b40$c20200819$lBLL01$h2024
=FIN  \\$aY$d20110718
=FMT  \\$a  BK
=LAS  \\$aBATCH-UPD$b40$c20200819$lBLL01$h2024
=SID  \\$aZ39$bLOC

