=LDR  01513 am a22004094a 4500
=001  015816116
=003  Uk
=005  20110801084556.0
=008  100623s2010\\\\ag\a\\\\\b\\\\000\0\spa\d
=010  \\$a2010423462
=020  \\$a9789871304547
=035  \\$a(AR-BaFGC)0-155342/3
=040  \\$aAR-BaFGC$cAR-BaFGC$dDLC$dUk
=042  \\$aukblderived
=043  \\$as-ag---
=050  00$aHQ1236.5.A7$bV35 2010
=100  1\$aValobra, Adriana María.
=245  10$aDel hogar a las urnas :$brecorridos de la ciudadanía política femenina : Argentina, 1946-1955 /$cAdriana María Valobra.
=260  \\$aRosario, Argentina :$bProhistoria Ediciones,$c2010.
=300  \\$a192 p. :$bill. ;$c23 cm.
=336  \\$atext$2rdacontent
=337  \\$aunmediated$2rdamedia
=338  \\$avolume$2rdacarrier
=490  0\$aColección Historia & cultura ;$v3
=504  \\$aIncludes bibliographical references (p. [175]-192).
=650  \0$aWomen$xPolitical activity$zArgentina$xHistory$y20th century.
=650  \0$aWomen$xSuffrage$zArgentina$xHistory.
=651  \0$aArgentina$xPolitics and government$y1943-1955.
=852  41$aBritish Library$bHMNTS$jYF.2011.a.17017
=856  41$3Table of contents only$uhttp://www.loc.gov/catdir/toc/gc01/9789871304547.pdf
=856  41$uhttp://core.cambeiro.com.ar/0-155342-3.pdf
=CAT  \\$a11375$b40$c20110531$lBLL01$h1540
=CAT  \\$a11131$b40$c20110801$lBLL01$h0845
=FIN  \\$aY$d20110801
=FMT  \\$a  BK
=LAS  \\$a11131$b40$c20110801$lBLL01$h0845
=SID  \\$aZ39$bLOC

