=LDR  01575 am a22004334a 4500
=001  015816127
=003  Uk
=005  20110927142036.0
=008  101013s2010\\\\ag\\\\\\\b\\\\000\0\spa\d
=010  \\$a2010504064
=020  \\$a9789872358068
=035  \\$a(AR-BaFGC)0-147439/2
=040  \\$aAR-BaFGC$cAR-BaFGC$dDLC$dUk
=042  \\$aukblderived
=043  \\$as-ag---
=050  00$aLA548.7$b.A68 2010
=245  00$aApuntes sobre la formación del movimiento estudiantil argentino, 1943-1973 /$cPablo Buchbinder ... [et al.] ; Pablo Buchbinder, Juan S. Califa y Mariano Millán, compiladores.
=250  \\$a1era. ed.
=260  \\$a[Buenos Aires?] :$bFinal Abierto,$c2010.
=300  \\$a254 p. ;$c20 cm.
=336  \\$atext$2rdacontent
=337  \\$aunmediated$2rdamedia
=338  \\$avolume$2rdacarrier
=490  0\$aColección Crítica
=504  \\$aIncludes bibliographical references.
=650  \0$aStudent movements$zArgentina$xHistory$y20th century.
=650  \0$aCollege students$xPolitical activity$zArgentina$xHistory$y20th century.
=700  1\$aBuchbinder, Pablo.
=700  1\$aCalifa, Juan Sebastián.
=700  1\$aMillán, Mariano.
=852  41$aBritish Library$bHMNTS$jYF.2011.a.21127
=856  41$3Table of contents only$uhttp://www.loc.gov/catdir/toc/gc01/9789872358068.pdf
=856  41$uhttp://core.cambeiro.com.ar/0-147439-2.pdf
=CAT  \\$a11375$b40$c20110531$lBLL01$h1549
=CAT  \\$a11002$b40$c20110927$lBLL01$h1420
=FIN  \\$aY$d20110927
=FMT  \\$a  BK
=LAS  \\$a11002$b40$c20110927$lBLL01$h1420
=SID  \\$aZ39$bLOC

