=LDR  01641 am a22004454a 4500
=001  015816136
=003  Uk
=005  20110907092041.0
=008  101207s2010\\\\ag\a\\\\\b\\\\000\0\spa\d
=010  \\$a2010504254
=020  \\$a9789875744103
=035  \\$a(AR-BaFGC)0-160189/0
=040  \\$aAR-BaFGC$cAR-BaFGC$dDLC$dUk
=042  \\$aukblderived
=043  \\$as-ag---
=050  00$aF2810$b.A13 2010
=245  05$aLos '60 de otra manera :$bvida cotidiana, género y sexualidades en la Argentina /$cIsabella Cosse, Karina Felitti, Valeria Manzano, editoras.
=260  \\$aBuenos Aires :$bPrometeo Libros,$cc2010.
=300  \\$a301 p. :$bill. ;$c22 cm.
=336  \\$atext$2rdacontent
=337  \\$aunmediated$2rdamedia
=338  \\$avolume$2rdacarrier
=490  0\$aPrometeo ciencias sociales
=504  \\$aIncludes bibliographical references (p. 281-298).
=650  \0$aYouth$zArgentina$xSocial life and customs$y20th century.
=650  \0$aFamilies$zArgentina$xHistory$y20th century.
=650  \0$aWomen$zArgentina$xSocial life and customs$y20th century.
=651  \0$aArgentina$xSocial life and customs$y20th century.
=700  1\$aCosse, Isabella.
=700  1\$aFelitti, Karina.
=700  1\$aManzano, Valeria.
=852  41$aBritish Library$bHMNTS$jYF.2011.a.19152
=856  41$3Table of contents only$uhttp://www.loc.gov/catdir/toc/gc01/9789875744103.pdf
=856  41$uhttp://core.cambeiro.com.ar/0-160189-0.pdf
=CAT  \\$a11375$b40$c20110531$lBLL01$h1554
=CAT  \\$a10904$b40$c20110907$lBLL01$h0920
=FIN  \\$aY$d20110907
=FMT  \\$a  BK
=LAS  \\$a10904$b40$c20110907$lBLL01$h0920
=SID  \\$aZ39$bLOC

