=LDR  01360 am a22003974a 4500
=001  015817820
=003  Uk
=005  20110927135133.0
=008  100408s2009\\\\ag\\\\\\\b\\\\000\0\spa\d
=010  \\$a2010423100
=020  \\$a9789872548308
=035  \\$a(AR-BaFGC)0-157291/1
=040  \\$aAR-BaFGC$cAR-BaFGC$dDLC$dUk
=042  \\$aukblderived
=043  \\$acl-----
=050  00$aPQ7082.N7$bF485 2009
=100  1\$aFerro, Roberto.
=245  16$aDe la literatura y los restos /$cRoberto Ferro ; [prólogo de Noé Jitrik].
=250  \\$a1a ed.
=260  \\$a[Avellaneda, Provincia de Buenos Aires, Argentina] :$bLiber Editores,$c2009.
=300  \\$a323 p. ;$c20 cm.
=336  \\$atext$2rdacontent
=337  \\$aunmediated$2rdamedia
=338  \\$avolume$2rdacarrier
=490  0\$aColección Crítica y teoría
=504  \\$aIncludes bibliographical references.
=650  \0$aLatin American fiction$y20th century$xHistory and criticism.
=852  41$aBritish Library$bHMNTS$jYF.2011.a.21131
=856  41$3Table of contents only$uhttp://www.loc.gov/catdir/toc/gc01/9789872548308.pdf
=856  41$uhttp://core.cambeiro.com.ar/0-157291-1.pdf
=CAT  \\$a11375$b40$c20110601$lBLL01$h0848
=CAT  \\$a11002$b40$c20110927$lBLL01$h1351
=FIN  \\$aY$d20110927
=FMT  \\$a  BK
=LAS  \\$a11002$b40$c20110927$lBLL01$h1351
=SID  \\$aZ39$bLOC

