=LDR  01490 am a22004214a 4500
=001  015817825
=003  Uk
=005  20111011112236.0
=008  100922s2010\\\\ag\\\\\\\b\\\\000\0\spa\d
=010  \\$a2010423951
=020  \\$a9789872377946
=035  \\$a(AR-BaFGC)0-159016/3
=040  \\$aAR-BaFGC$cAR-BaFGC$dDLC$dUk
=042  \\$aukblderived
=043  \\$acl-----
=050  00$aPQ7082.P7$bC559 2010
=245  00$aControversias de lo moderno :$bla secularización en la historia cultural latinoamericana /$cEnrique Foffani, ed. ; Florencia Bonfiglio ... [et al.].
=250  \\$a1. ed.
=260  \\$aBuenos Aires :$bEdiciones Katatay,$c2010.
=300  \\$a327 p. ;$c20 cm.
=336  \\$atext$2rdacontent
=337  \\$aunmediated$2rdamedia
=338  \\$avolume$2rdacarrier
=490  0\$aEnsayos
=504  \\$aIncludes bibliographical references.
=650  \0$aLatin American poetry$xHistory and criticism.
=650  \0$aModernism (Literature)$zLatin America$xHIstory and criticism.
=651  \0$aLatin America$xCivilization.
=700  1\$aFoffani, Enrique,$d1958-
=852  41$aBritish Library$bHMNTS$jYF.2011.a.22095
=856  41$3Table of contents only$uhttp://www.loc.gov/catdir/toc/gc01/9789872377946.pdf
=856  41$uhttp://core.cambeiro.com.ar/0-159016-3.pdf
=CAT  \\$a11375$b40$c20110601$lBLL01$h0853
=CAT  \\$a11131$b40$c20111011$lBLL01$h1122
=FIN  \\$aY$d20111011
=FMT  \\$a  BK
=LAS  \\$a11131$b40$c20111011$lBLL01$h1122
=SID  \\$aZ39$bLOC

