=LDR  01550 am a22004214a 4500
=001  015828505
=003  Uk
=005  20110907084525.0
=008  100802s2010\\\\ag\a\\\\\b\\\\000\0\spa\d
=010  \\$a2010423671
=020  \\$a9789507867965
=035  \\$a(AR-BaFGC)0-158929/0
=040  \\$aAR-BaFGC$cAR-BaFGC$dDLC$dUk
=042  \\$aukblderived
=043  \\$as-ag---
=050  00$aF2847$b.N84 2010
=245  03$aUn nuevo orden político :$bprovincias y estado nacional, 1852-1880 /$cBeatriz Bragoni, Eduardo Míguez, coordinadores ; Beatriz Bragoni ... [et al.].
=260  \\$aBuenos Aires :$bEditorial Biblos,$cc2010.
=300  \\$a319 p. :$bill. ;$c23 cm.
=336  \\$atext$2rdacontent
=337  \\$aunmediated$2rdamedia
=338  \\$avolume$2rdacarrier
=490  0\$aHistoria
=504  \\$aIncludes bibliographical references.
=650  \0$aFederal government$zArgentina$xHistory$y19th century.
=650  \0$aCentral-local government relations$zArgentina$xHistory$y19th century.
=651  \0$aArgentina$xPolitics and government$y1860-1910.
=700  1\$aBragoni, Beatriz,$d1962-
=700  1\$aMíguez, Eduardo José.
=852  41$aBritish Library$bHMNTS$jYF.2011.a.19163
=856  41$3Table of contents only$uhttp://www.loc.gov/catdir/toc/gc01/9789507867965.pdf
=856  41$uhttp://core.cambeiro.com.ar/0-158929-0.pdf
=CAT  \\$a11375$b40$c20110617$lBLL01$h1243
=CAT  \\$a10904$b40$c20110907$lBLL01$h0845
=FIN  \\$aY$d20110907
=FMT  \\$a  BK
=LAS  \\$a10904$b40$c20110907$lBLL01$h0845
=SID  \\$aZ39$bLOC

