=LDR  01410 am a22004094a 4500
=001  015828525
=003  Uk
=005  20110718113901.0
=008  100924s2010\\\\ag\\\\\\\b\\\\000\0\spa\d
=010  \\$a2010423949
=020  \\$a9789500731997
=035  \\$a(AR-BaFGC)0-122436/4
=040  \\$aAR-BaFGC$cAR-BaFGC$dDLC$dUk
=042  \\$aukblderived
=043  \\$as-ag---
=050  00$aBR1625$b.D57 2010
=100  1\$aDi Stefano, Roberto,$d1962-
=245  10$aOvejas negras :$bhistoria de los anticlericales argentinos /$cRoberto Di Stefano.
=260  \\$aBuenos Aires :$bEditorial Sudamericana,$cc2010.
=300  \\$a411 p. ;$c23 cm.
=336  \\$atext$2rdacontent
=337  \\$aunmediated$2rdamedia
=338  \\$avolume$2rdacarrier
=490  0\$aColección Historia argentina
=504  \\$aIncludes bibliographical references (p. 379-407).
=650  \0$aAnti-clericalism$zArgentina$xHistory.
=650  \0$aSecularism$zArgentina$xHistory.
=650  \0$aCatholic Church$zArgentina$xHistory.
=852  41$aBritish Library$bHMNTS$jYF.2011.a.16029
=856  41$3Table of contents only$uhttp://www.loc.gov/catdir/toc/gc01/9789500731997.pdf
=856  41$uhttp://core.cambeiro.com.ar/0-122436-4.pdf
=CAT  \\$a11375$b40$c20110617$lBLL01$h1334
=CAT  \\$a11002$b40$c20110718$lBLL01$h1139
=FIN  \\$aY$d20110718
=FMT  \\$a  BK
=LAS  \\$a11002$b40$c20110718$lBLL01$h1139
=SID  \\$aZ39$bLOC

