=LDR  01752 am a22004334a 4500
=001  015828557
=003  Uk
=005  20110905143433.0
=008  100916s2010\\\\ag\\\\\\\b\\\\100\0\spa\d
=010  \\$a2010423936
=020  \\$a9789875744158
=035  \\$a(AR-BaFGC)0-155472/4
=040  \\$aAR-BaFGC$cAR-BaFGC$dDLC$dUk
=042  \\$aukblderived
=043  \\$acl-----$as-ag---
=050  00$aHC125$b.H548 2010
=111  0\$aJornadas de História Económica$n(21st :$d2008 :$cArgentina)
=245  13$aLa historia económica y los procesos de independencia en la América hispana /$cSusana Bandieri, compiladora.
=260  \\$aBuenos Aires :$bAsociación Argentina de Historia Económica :$bPrometeo Libros,$cc2010.
=300  \\$a402 p. ;$c22 cm.
=336  \\$atext$2rdacontent
=337  \\$aunmediated$2rdamedia
=338  \\$avolume$2rdacarrier
=490  0\$aPrometeo Bicentenario
=504  \\$aIncludes bibliographical references (p. 361-402).
=651  \0$aLatin America$xEconomic conditions$y19th century$vCongresses.
=651  \0$aLatin America$xHistory$yWars of Independence, 1806-1830$xEconomic aspects$vCongresses.
=651  \0$aArgentina$xEconomic conditions$y19th century$vCongresses.
=651  \0$aArgentina$xHistory$yWar of Independence, 1810-1817$xEconomic aspects$vCongresses.
=700  1\$aBandieri, Susana.
=852  41$aBritish Library$bHMNTS$jYF.2011.a.19164
=856  41$3Table of contents only$uhttp://www.loc.gov/catdir/toc/gc01/9789875744158.pdf
=856  41$uhttp://core.cambeiro.com.ar/0-155472-4.pdf
=CAT  \\$a11375$b40$c20110617$lBLL01$h1412
=CAT  \\$a10904$b40$c20110905$lBLL01$h1434
=FIN  \\$aY$d20110905
=FMT  \\$a  BK
=LAS  \\$a10904$b40$c20110905$lBLL01$h1434
=SID  \\$aZ39$bLOC

