=LDR  01911 am a22005054a 4500
=001  015828578
=003  Uk
=005  20110907091703.0
=008  101102s2010\\\\ag\a\\\\\b\\\\000\0\spa\d
=010  \\$a2010504097
=020  \\$a9789875743793
=035  \\$a(AR-BaFGC)0-158277/0
=040  \\$aAR-BaFGC$cAR-BaFGC$dDLC$dUk
=042  \\$aukblderived
=043  \\$as-ag---$as-cl---$ae-sp---
=050  00$aF2849.2$b.L37 2010
=245  03$aLa larga memoria de la dictadura en Iberoamérica :$bArgentina, Chile y España /$cJulián Chaves Palacios, coordinador.
=260  \\$aBuenos Aires :$bPrometeo Libros :$bAECID,$c2010.
=300  \\$a366 p. :$bill. ;$c22 cm.
=336  \\$atext$2rdacontent
=337  \\$aunmediated$2rdamedia
=338  \\$avolume$2rdacarrier
=490  0\$aPrometeo bicentenario
=504  \\$aIncludes bibliographical references.
=650  \0$aDictatorship$zArgentina$xHistory$y20th century.
=650  \0$aDictatorship$zChile$xHistory$y20th century.
=650  \0$aDictatorship$zSpain$xHistory$y20th century.
=650  \0$aDictators$zArgentina.
=650  \0$aDictators$zChile.
=650  \0$aDictators$zSpain.
=650  \0$aMilitary government$zArgentina$xHistory$y20th century.
=650  \0$aMilitary government$zChile$xHistory$y20th century.
=651  \0$aArgentina$xPolitics and government$y1955-1983.
=651  \0$aChile$xPolitics and government$y1973-1988.
=651  \0$aSpain$xPolitics and government$y1939-1975.
=700  1\$aChaves Palacios, Julián.
=852  41$aBritish Library$bHMNTS$jYF.2011.a.19151
=856  41$3Table of contents only$uhttp://www.loc.gov/catdir/toc/gc01/9789875743793.pdf
=856  41$uhttp://core.cambeiro.com.ar/0-158277-0.pdf
=CAT  \\$a11375$b40$c20110617$lBLL01$h1433
=CAT  \\$a10904$b40$c20110907$lBLL01$h0917
=FIN  \\$aY$d20110907
=FMT  \\$a  BK
=LAS  \\$a10904$b40$c20110907$lBLL01$h0917
=SID  \\$aZ39$bLOC

