=LDR  01487 am a22003974a 4500
=001  015829075
=003  Uk
=005  20110907111833.0
=008  101203s2010\\\\ag\\\\\\\b\\\\000\0\spa\d
=010  \\$a2010504252
=020  \\$a9789500519090
=035  \\$a(AR-BaFGC)0-160648/0
=040  \\$aAR-BaFGC$cAR-BaFGC$dDLC$dUk
=042  \\$aukblderived
=043  \\$anc-----$acc-----$anc-----
=050  00$aPQ7378$b.M45 2010
=245  00$aMemorias del silencio :$bliteraturas en el Caribe y en Centroamérica /$ccompilación, edición y prólogo, Graciela Salto.
=260  \\$aBs. As. [i.e. Buenos Aires] :$bCorregidor,$cc2010.
=300  \\$a349 p. ;$c20 cm.
=336  \\$atext$2rdacontent
=337  \\$aunmediated$2rdamedia
=338  \\$avolume$2rdacarrier
=504  \\$aIncludes bibliographical references.
=650  \0$aCuban literature$y20th century$xHistory and criticism.
=650  \0$aCaribbean literature$y20th century$xHistory an criticism.
=650  \0$aCentral American literature$y20th century$xHistory and criticism.
=700  1\$aSalto, Graciela Nélida.
=852  41$aBritish Library$bHMNTS$jYF.2011.a.19159
=856  41$3Table of contents only$uhttp://www.loc.gov/catdir/toc/gc01/9789500519090.pdf
=856  41$uhttp://core.cambeiro.com.ar/0-160648-0.pdf
=CAT  \\$a11375$b40$c20110620$lBLL01$h1157
=CAT  \\$a10904$b40$c20110907$lBLL01$h1118
=FIN  \\$aY$d20110907
=FMT  \\$a  BK
=LAS  \\$a10904$b40$c20110907$lBLL01$h1118
=SID  \\$aZ39$bLOC

