=LDR  01516 am a22004454a 4500
=001  015829101
=003  Uk
=005  20111011120052.0
=008  100924s2010\\\\ag\\\\\\\b\\\\000\0\spa\d
=010  \\$a2010423946
=020  \\$a9789870414759
=035  \\$a(AR-BaFGC)0-84620/9
=040  \\$aAR-BaFGC$cAR-BaFGC$dDLC$dUk
=042  \\$aukblderived
=043  \\$as-ag---
=050  00$aF2849.3$b.A727 2010
=245  00$aArgentina 2010 :$bentre la frustración y la esperanza /$cNatalio R. Botana, editor ; Natalio R. Botana ... [et al.].
=246  3\$aArgentina dos mil diez
=250  \\$a1. ed.
=260  \\$aBuenos Aires :$bTaurus,$c2010.
=300  \\$a323 p. ;$c24 cm.
=336  \\$atext$2rdacontent
=337  \\$aunmediated$2rdamedia
=338  \\$avolume$2rdacarrier
=490  0\$aPensamiento
=504  \\$aIncludes bibliographical references.
=651  \0$aArgentina$xPolitics and government$y2002-
=651  \0$aArgentina$xEconomic conditions$y21st century.
=651  \0$aArgentina$xSocial conditions$y21st century.
=651  \0$aArgentina$xForecasting.
=700  1\$aBotana, Natalio R.
=852  41$aBritish Library$bHMNTS$jYF.2011.a.22105
=856  41$3Table of contents only$uhttp://www.loc.gov/catdir/toc/gc01/9789870414759.pdf
=856  41$uhttp://core.cambeiro.com.ar/0-84620-9.pdf
=CAT  \\$a11375$b40$c20110620$lBLL01$h1222
=CAT  \\$a11131$b40$c20111011$lBLL01$h1200
=FIN  \\$aY$d20111011
=FMT  \\$a  BK
=LAS  \\$a11131$b40$c20111011$lBLL01$h1200
=SID  \\$aZ39$bLOC

