=LDR  01974 am a2200493 a 4500
=001  015829678
=003  Uk
=005  20110922154152.0
=008  101008s2010\\\\ag\\\\\\\b\\\\100\0\spa\d
=010  \\$a2010504086
=020  \\$a9789875744110 (pbk.)
=035  \\$a(AR-BaFGC)0-160190/0
=040  \\$aAR-BaFGC$beng$cAR-BaFGC$dDLC$dUk
=042  \\$aukblsr
=043  \\$ae-sp---
=050  00$aDP170.8$b.J67 2008
=111  2\$aJornadas de Historia Moderna y Contemporánea$n(6th :$d2008 :$cUniversidad Nacional de Luján)
=245  13$aEl antiguo régimen :$buna mirada de dos mundos, España y América /$cMaría Inés Carzolio, Rosa Isabel Fernández, Cecilia Lagunas, coordinadoras.
=260  \\$aBuenos Aires :$bPrometeo Libros,$cc2010.
=300  \\$a302 p. ;$c22 cm.
=336  \\$atext$2rdacontent
=337  \\$aunmediated$2rdamedia
=338  \\$avolume$2rdacarrier
=490  0\$aColección Historia extramuros
=500  \\$aPapers from the fourth Jornadas de Historia Moderna y Contemporánea held at the Universidad Nacional de Luján in Sept. 2008.
=504  \\$aIncludes bibliographical references (p. 293-300).
=650  \0$aWomen$zSpain$xHistory$vCongresses.
=651  \0$aSpain$xHistory$y16th century$vCongresses.
=651  \0$aSpain$xHistory$y17th century$vCongresses.
=651  \0$aSpain$xHistory$y18th century$vCongresses.
=700  1\$aCarzolio, María Inés.
=700  1\$aFernández Prieto, Rosa Isabel.
=700  1\$aLagunas, Cecilia.
=852  41$aBritish Library$bHMNTS$jYF.2011.a.20805
=856  41$3Table of contents only$uhttp://www.loc.gov/catdir/toc/gc01/9789875744110.pdf
=856  41$uhttp://core.cambeiro.com.ar/0-160190-0.pdf
=CAT  \\$a11375$b40$c20110621$lBLL01$h1155
=CAT  \\$aBATCH-UPD$b40$c20110621$lBLL01$h1155
=CAT  \\$a5521$b40$c20110922$lBLL01$h1541
=FIN  \\$aY$d20110922
=FMT  \\$a  BK
=LAS  \\$a5521$b40$c20110922$lBLL01$h1541
=SID  \\$aZ39$bOXFORD
=SID  \\$aZ39$bLOC

