=LDR  01413 am a22004094a 4500
=001  015829859
=003  Uk
=005  20110801094740.0
=008  100423s2009\\\\ag\a\\\\\b\\\\000\0\spa\d
=010  \\$a2010423140
=020  \\$a9789502316604
=035  \\$a(AR-BaFGC)0-4222/5
=040  \\$aAR-BaFGC$cAR-BaFGC$dDLC$dUk
=042  \\$aukblderived
=050  00$aP302$b.D41 2009
=245  00$aDe la palabra al texto :$bestudios lingüísticos del español /$cGuiomar Elena Ciapuscio, editora ; [autores] Andreína Adelstein ... [et al.].
=250  \\$a1. ed.
=260  \\$aCiudad de Buenos Aires :$bEUDEBA,$c2009.
=300  \\$a278 p. :$bill. ;$c23 cm.
=336  \\$atext$2rdacontent
=337  \\$aunmediated$2rdamedia
=338  \\$avolume$2rdacarrier
=490  0\$aTeoría e investigación
=504  \\$aIncludes bibliographical references.
=650  \0$aDiscourse analysis.
=650  \0$aTypology (Linguistics)
=650  \0$aSpanish language$zArgentina.
=700  1\$aCiapuscio, Guiomar E.
=852  41$aBritish Library$bHMNTS$jYF.2011.a.16962
=856  41$3Table of contents only$uhttp://www.loc.gov/catdir/toc/gc01/9789502316604.pdf
=856  41$uhttp://core.cambeiro.com.ar/0-4222-5.pdf
=CAT  \\$a11375$b40$c20110621$lBLL01$h1534
=CAT  \\$a11131$b40$c20110801$lBLL01$h0947
=FIN  \\$aY$d20110801
=FMT  \\$a  BK
=LAS  \\$a11131$b40$c20110801$lBLL01$h0947
=SID  \\$aZ39$bLOC

