=LDR  01523 am a22004454a 4500
=001  015829872
=003  Uk
=005  20111011113927.0
=008  100915s2010\\\\ag\a\\\\\b\\\\000\0\spa\d
=010  \\$a2010423940
=020  \\$a9789872377939
=035  \\$a(AR-BaFGC)0-159016/4
=040  \\$aAR-BaFGC$cAR-BaFGC$dDLC$dUk
=042  \\$aukblderived
=043  \\$acl-----
=050  00$aPQ7081$b.V46 2010
=245  00$aViaje y relato en Latinoamérica /$cMónica Marinone, Gabriela Tineo, coordinadoras.
=250  \\$a1. ed.
=260  \\$aBuenos Aires :$bKatatay Ediciones,$c2010.
=300  \\$a337 p. :$bill. ;$c21 cm.
=336  \\$atext$2rdacontent
=337  \\$aunmediated$2rdamedia
=338  \\$avolume$2rdacarrier
=490  0\$aEnsayos
=504  \\$aIncludes bibliographical references.
=650  \0$aLatin American literature$xHistory and criticism.
=650  \0$aTravel in literature.
=650  \0$aTravelers' writings, Latin American$xHistory and criticism.
=700  1\$aMarinone de Borrás, Mónica.
=700  1\$aTineo, Gabriela.
=852  41$aBritish Library$bHMNTS$jYF.2011.a.22069
=856  41$3Table of contents only$uhttp://www.loc.gov/catdir/toc/gc01/9789872377939.pdf
=856  41$uhttp://core.cambeiro.com.ar/0-159016-4.pdf
=CAT  \\$a11375$b40$c20110621$lBLL01$h1552
=CAT  \\$a11131$b40$c20111011$lBLL01$h1139
=CAT  \\$aBATCH-UPD$b40$c20150722$lBLL01$h1646
=FIN  \\$aY$d20111011
=FMT  \\$a  BK
=LAS  \\$aBATCH-UPD$b40$c20150722$lBLL01$h1646
=SID  \\$aZ39$bLOC

