=LDR  01347 am a22004094a 4500
=001  015831195
=003  Uk
=005  20110905142723.0
=008  100624s2010\\\\ag\\\\\\\b\\\\000\0\spa\d
=010  \\$a2010423423
=020  \\$a9789875591479
=035  \\$a(AR-BaFGC)0-158809/1
=040  \\$aAR-BaFGC$cAR-BaFGC$dDLC$dUk
=042  \\$aukblderived
=050  00$aPN1059.F7$bV47 2010
=245  03$aEl verso libre /$cAdúriz ... [et al.].
=260  \\$aBuenos Aires :$bEdiciones del Dock,$cc2010.
=300  \\$a129 p. ;$c20 cm.
=336  \\$atext$2rdacontent
=337  \\$aunmediated$2rdamedia
=338  \\$avolume$2rdacarrier
=490  0\$aColección Época ;$v1
=504  \\$aIncludes bibliographical references.
=650  \0$aFree verse$xHistory and criticism.
=650  \0$aPoetics.
=650  \0$aPoetry, Modern$xHistory and criticism.
=700  1\$aAdúriz, Javier.
=852  41$aBritish Library$bHMNTS$jYF.2011.a.19162
=856  41$3Table of contents only$uhttp://www.loc.gov/catdir/toc/gc01/9789875591479.pdf
=856  41$uhttp://core.cambeiro.com.ar/0-158809-1.pdf
=CAT  \\$a11375$b40$c20110622$lBLL01$h0846
=CAT  \\$a10904$b40$c20110905$lBLL01$h1427
=CAT  \\$aBATCH-UPD$b40$c20120308$lBLL01$h2158
=FIN  \\$aY$d20110905
=FMT  \\$a  BK
=LAS  \\$aBATCH-UPD$b40$c20120308$lBLL01$h2158
=SID  \\$aZ39$bLOC

