=LDR  01283 am a22003854a 4500
=001  015831202
=003  Uk
=005  20110927140731.0
=008  101115s2010\\\\ag\\\\\\\b\\\\000\0\spa\d
=010  \\$a2010504159
=020  \\$a9789875541559
=035  \\$a(AR-BaFGC)0-75101/14
=040  \\$aAR-BaFGC$cAR-BaFGC$dDLC$dUk
=042  \\$aukblderived
=043  \\$as-ag---
=050  00$aPQ7797.A66$bZ6945 2010
=100  1\$aJuárez, Laura,$d1971-
=245  10$aRoberto Arlt en los años treinta /$cLaura Juárez.
=260  \\$aBuenos Aires :$bEdiciones Simurg,$c2010.
=300  \\$a347 p. ;$c20 cm.
=336  \\$atext$2rdacontent
=337  \\$aunmediated$2rdamedia
=338  \\$avolume$2rdacarrier
=490  0\$aCuadernos de ensayo
=504  \\$aIncludes bibliographical references (p. 323-347).
=600  10$aArlt, Roberto,$d1900-1942$xCriticism and interpretation.
=852  41$aBritish Library$bHMNTS$jYF.2011.a.21338
=856  41$3Table of contents only$uhttp://www.loc.gov/catdir/toc/gc01/9789875541559.pdf
=856  41$uhttp://core.cambeiro.com.ar/0-75101-14.pdf
=CAT  \\$a11375$b40$c20110622$lBLL01$h0854
=CAT  \\$a11002$b40$c20110927$lBLL01$h1407
=FIN  \\$aY$d20110927
=FMT  \\$a  BK
=LAS  \\$a11002$b40$c20110927$lBLL01$h1407
=SID  \\$aZ39$bLOC

