=LDR  01721 am a22004454a 4500
=001  015831207
=003  Uk
=005  20110907110112.0
=008  100812s2010\\\\ag\\\\\\\b\\\\100\0\spa\d
=010  \\$a2010423745
=020  \\$a9789505565610
=035  \\$a(AR-BaFGC)0-40821/21
=040  \\$aAR-BaFGC$cAR-BaFGC$dDLC$dUk
=042  \\$aukblderived
=043  \\$acl-----$as-ag---
=050  00$aPQ7683$b.C64 2009
=111  0\$aCongreso Internacional de Teatro Iberoamericano y Argentino$n(18th :$d2009 :$cBuenos Aires, Argentina)
=245  10$aBúsquedas y discursos /$cGETEA, Grupo de Estudios de Teatro Argentino e Iberoamericano ; Osvaldo Pellettieri, editor.
=260  \\$aBuenos Aires, Argentina :$bGalerna,$cc2010.
=300  \\$a317 p. ;$c22 cm.
=336  \\$atext$2rdacontent
=337  \\$aunmediated$2rdamedia
=338  \\$avolume$2rdacarrier
=490  0\$aColección Estudios de teatro argentino e iberoamericano
=504  \\$aIncludes bibliographical references.
=650  \0$aTheater$zLatin America$vCongresses.
=650  \0$aTheater$zArgentina$vCongresses.
=650  \0$aArgentine drama$xHistory and criticism$vCongresses.
=650  \0$aLatin American drama$xHistory and criticism$vCongresses.
=700  1\$aPellettieri, Osvaldo.
=710  2\$aGrupo de Estudios de Teatro Argentino.
=852  41$aBritish Library$bHMNTS$jYF.2011.a.20148
=856  41$3Table of contents only$uhttp://www.loc.gov/catdir/toc/gc01/9789505565610.pdf
=856  41$uhttp://core.cambeiro.com.ar/0-40821-21.pdf
=CAT  \\$a11375$b40$c20110622$lBLL01$h0858
=CAT  \\$a10904$b40$c20110907$lBLL01$h1101
=FIN  \\$aY$d20110907
=FMT  \\$a  BK
=LAS  \\$a10904$b40$c20110907$lBLL01$h1101
=SID  \\$aZ39$bLOC

