=LDR  01452 am a22004214a 4500
=001  015972697
=003  Uk
=005  20120412075413.0
=008  110512s2010\\\\ag\a\\\\\b\\\\000\0\spa\d
=010  \\$a2011438051
=020  \\$z9789501256116
=035  \\$a(AR-BaFGC)0-161491/2
=040  \\$aAR-BaFGC$cAR-BaFGC$dDLC$dUk
=042  \\$aukblderived
=043  \\$acl-----
=050  00$aAM33$b.M87 2010
=245  03$aEl museo en escena :$bpolítica y cultura en América Latina /$cAmérico Castilla, comp.
=250  \\$a1a ed.
=260  \\$aBuenos Aires :$bFundación TyPA, Teoría y Práctica de las Artes :$bPaidós,$c2010.
=300  \\$a258 p. :$bill. ;$c23 cm.
=336  \\$atext$2rdacontent
=337  \\$aunmediated$2rdamedia
=338  \\$avolume$2rdacarrier
=490  0\$aEntornos ;$v10
=504  \\$aIncludes bibliographical references.
=650  \0$aMuseums$zLatin America$xHistory.
=650  \0$aMuseums$xSocial aspects$zLatin America.
=651  \0$aLatin America$xCultural policy.
=700  1\$aCastilla, Américo.
=852  41$aBritish Library$bHMNTS$jYF.2012.a.10135
=856  41$3Table of contents only$uhttp://www.loc.gov/catdir/toc/gc01/9789501256116.pdf
=856  41$uhttp://core.cambeiro.com.ar/0-161491-2.pdf
=CAT  \\$a11375$b40$c20111121$lBLL01$h1204
=CAT  \\$a11002$b40$c20120412$lBLL01$h0754
=FIN  \\$aY$d20120412
=FMT  \\$a  BK
=LAS  \\$a11002$b40$c20120412$lBLL01$h0754
=SID  \\$aZ39$bLOC

