=LDR  02138cam a22004934a 4500
=001  015972768
=003  Uk
=005  20120412074820.0
=008  110622s2011\\\\ag\\\\\\\b\\\\100\0\spa\d
=010  \\$a2011438237
=020  \\$a9789871172672
=035  \\$a(AR-BaFGC)0-162761/0
=040  \\$aAR-BaFGC$cAR-BaFGC$dDLC$dUk
=042  \\$aukblderived
=043  \\$as-ag---$as-uy---
=050  00$aHT1123.R5$bS46 2009
=111  2\$aSeminario Internacional "La Ruta del Esclavo en el Río de la Plata"$d(2009 :$cBuenos Aires, Argentina)
=245  13$aLa ruta del esclavo en el Río de la Plata :$baportes para el diálogo intercultural /$cMarisa Pineau, compiladora ; coordinado por Carmen María Ramos y Norberto Griffam.
=250  \\$a1. ed.
=260  \\$a[Argentina] :$bEditorial de la Universidad Nacional de Tres de Febrero,$c2011.
=300  \\$a443 p. ;$c23 cm.
=336  \\$atext$2rdacontent
=337  \\$aunmediated$2rdamedia
=338  \\$avolume$2rdacarrier
=504  \\$aIncludes bibliographical references.
=650  \0$aSlavery$zRio de la Plata Region (Argentina and Uruguay)$vCongresses.
=650  \0$aSlave-trade$zRio de la Plata Region (Argentina and Uruguay)$vCongresses.
=650  \0$aBlack people$zRio de la Plata Region (Argentina and Uruguay)$xSocial life and costums$vCongresses.
=651  \0$aRio de la Plata Region (Argentina and Uruguay)$xCivilization$xAfrican influences$vCongresses.
=700  1\$aPineau, Marisa.
=710  2\$aUnesco.
=710  2\$aCátedra UNESCO de Turismo Cultural (Argentina)
=710  2\$aUniversidad Nacional de Tres de Febrero.
=710  2\$aMuseo Nacional de Bellas Artes (Argentina).$bAsociación Amigos.
=852  41$aBritish Library$bHMNTS$jYF.2012.a.10120
=856  41$3Table of contents only$uhttp://www.loc.gov/catdir/toc/gc01/9789871172672.pdf
=856  41$uhttp://core.cambeiro.com.ar/0-162761-0.pdf
=CAT  \\$a11375$b40$c20111121$lBLL01$h1333
=CAT  \\$a11002$b40$c20120412$lBLL01$h0748
=CAT  \\$a11249$b40$c20230320$lBLL01$h1716
=FIN  \\$aY$d20120412
=FMT  \\$a  BK
=LAS  \\$a11249$b40$c20230320$lBLL01$h1716
=SID  \\$aZ39$bLOC

