=LDR  01590 am a22004094a 4500
=001  015972792
=003  Uk
=005  20120112155725.0
=008  110314s2010\\\\ag\a\\\\\b\\\\100\0\spa\d
=010  \\$a2010504514
=020  \\$a9789875001404
=035  \\$a(AR-BaFGC)0-160315/0
=040  \\$aAR-BaFGC$cAR-BaFGC$dDLC$dUk
=042  \\$aukblderived
=043  \\$acl-----
=050  00$aJL966$b.S478 2008
=111  2\$aSeminario Internacional "Los Ciudadanos y la Política en los Albores del siglo XXI"$d(2008 :$cBuenos Aires, Argentina)
=245  10$aCiudadanos y política en los albores del siglo XXI /$cIsidoro Cheresky, compilador ; Carlos Agudelo ... [et al.].
=260  \\$aBuenos Aires :$bManantial :$bCLACSO,$cc2010.
=300  \\$a455 p. :$bill. ;$c23 cm.
=336  \\$atext$2rdacontent
=337  \\$aunmediated$2rdamedia
=338  \\$avolume$2rdacarrier
=504  \\$aIncludes bibliographical references.
=650  \0$aRepresentative government and representation$zLatin America$vCongresses.
=650  \0$aPolitical participation$zLatin America$vCongresses.
=651  \0$aLatin America$xPolitics and government$y1980-$vCongresses.
=700  1\$aCheresky, Isidoro.
=852  41$aBritish Library$bHMNTS$jYF.2012.a.981
=856  41$uhttp://core.cambeiro.com.ar/0-160315-0.pdf
=856  41$3Table of contents only$uhttp://www.loc.gov/catdir/toc/gc01/9789875001404.pdf
=CAT  \\$a11375$b40$c20111121$lBLL01$h1347
=CAT  \\$a5512$b40$c20120112$lBLL01$h1557
=FIN  \\$aY$d20120112
=FMT  \\$a  BK
=LAS  \\$a5512$b40$c20120112$lBLL01$h1557
=SID  \\$aZ39$bLOC

