=LDR  01515 am a22003974a 4500
=001  016029818
=003  Uk
=005  20120905153434.0
=008  101227s2010\\\\ag\a\\\\\b\\\\000\0\spa\d
=010  \\$a2010504323
=020  \\$a9789876410120
=035  \\$a(AR-BaFGC)0-160268/0
=040  \\$aAR-BaFGC$cAR-BaFGC$dDLC$dUk
=042  \\$aukblderived
=043  \\$as-ag---
=050  00$aPN2451$b.P84 2010
=245  03$aLa puesta en escena :$ben el teatro argentino del Bicentenario /$cJuan Carlos Gené ... [et al.] ; edición y prólogo de Olga Cosentino.
=260  \\$aC. A. de Buenos Aires :$bFondo Nacional de las Artes :$bSecretaría de Cultura, Presidencia de la Nación,$c[2010?]
=300  \\$a209 p. :$bill. (chiefly col.) ;$c23 cm.
=336  \\$atext$2rdacontent
=337  \\$aunmediated$2rdamedia
=338  \\$avolume$2rdacarrier
=504  \\$aIncludes bibliographical references.
=650  \0$aTheater$zArgentina$xHistory$y20th century.
=650  \0$aTheater$zArgentina$xHistory$y21st century.
=650  \0$aTheater$xProduction and direction$zArgentina.
=700  1\$aCosentino, Olga.
=852  41$aBritish Library$bHMNTS$jYF.2012.a.25256
=856  41$3Table of contents only$uhttp://www.loc.gov/catdir/toc/gc01/9789876410120.pdf
=856  41$uhttp://core.cambeiro.com.ar/0-160268-0.pdf
=CAT  \\$a7040$b40$c20120214$lBLL01$h1343
=CAT  \\$a11131$b40$c20120905$lBLL01$h1534
=FIN  \\$aY$d20120905
=FMT  \\$a  BK
=LAS  \\$a11131$b40$c20120905$lBLL01$h1534
=SID  \\$aZ39$bLOC

