=LDR  01421 am a22003974a 4500
=001  016029837
=003  Uk
=005  20120412085051.0
=008  111013s2010\\\\ag\\\\\\\b\\\\000\0\spa\d
=010  \\$a2011438719
=020  \\$z9789872480653
=035  \\$a(AR-BaFGC)0-163988/1
=040  \\$aAR-BaFGC$cAR-BaFGC$dDLC$dUk
=042  \\$aukblderived
=043  \\$as-ag---
=050  00$aPN2451$b.M57 2010
=245  00$aMiradas sobre la escena teatral argentina en democracia /$cJulia Elena Sagaseta, directora.
=260  \\$a[Munro, Buenos Aires, Argentina?] :$bDepartamento de Artes Dramáticas, Instituto Universitario Nacional de Arte,$cc2010.
=300  \\$a287 p. ;$c21 cm.
=336  \\$atext$2rdacontent
=337  \\$aunmediated$2rdamedia
=338  \\$avolume$2rdacarrier
=490  0\$aDramáticas
=504  \\$aIncludes bibliographical references.
=650  \0$aTheater$zArgentina$xHistory$y20th century.
=650  \0$aTheater$zArgentina$xHistory$y21st century.
=700  1\$aSagaseta, Julia Elena.
=852  41$aBritish Library$bHMNTS$jYF.2012.a.10111
=856  41$3Table of contents only$uhttp://www.loc.gov/catdir/toc/gc01/9789872480653.pdf
=856  41$uhttp://core.cambeiro.com.ar/0-163988-1.pdf
=CAT  \\$a7040$b40$c20120214$lBLL01$h1402
=CAT  \\$a11002$b40$c20120412$lBLL01$h0850
=FIN  \\$aY$d20120412
=FMT  \\$a  BK
=LAS  \\$a11002$b40$c20120412$lBLL01$h0850
=SID  \\$aZ39$bLOC

