=LDR  01678 am a22004334a 4500
=001  016029848
=003  Uk
=005  20121030084544.0
=008  101111s2010\\\\ag\\\\\\\b\\\\000\0\spa\d
=010  \\$a  2010504116
=020  \\$a9789872571412
=035  \\$a(AR-BaFGC)0-160490/1
=040  \\$aAR-BaFGC$cAR-BaFGC$dDLC$dUk
=042  \\$aukblderived
=043  \\$ae-sp---
=050  00$aPQ6073.P6$bE58 2010
=245  00$aEntre la memoria propia y la ajena :$btendencias y debates en la narrativa española actual /$cRaquel Macciuci, María Teresa Pochat, directoras ; Juan Antonio Ennis, coordinador ; [Virginia Bonatto ... et al.].
=250  \\$a1a ed.
=260  \\$aLa Plata, Argentina :$bEdiciones del Lado de Acá,$c2010.
=300  \\$a340 p. ;$c23 cm.
=336  \\$atext$2rdacontent
=337  \\$aunmediated$2rdamedia
=338  \\$avolume$2rdacarrier
=490  0\$aColección Ámbar : literatura, arte, medios, cultura
=504  \\$aIncludes bibliographical references (p. 311-335).
=650  \0$aSpanish literature$y20th century$xHistory and criticism.
=650  \0$aSpanish literature$y21st century$xHistory and criticism.
=650  \0$aPolitics and literature$zSpain.
=700  1\$aMacciuci, Raquel.
=700  1\$aPochat Muro, María Teresa.
=852  41$aBritish Library$bHMNTS$jYF.2012.a.30748
=856  41$3Table of contents only$uhttp://www.loc.gov/catdir/toc/gc01/9789872571412.pdf
=856  41$uhttp://core.cambeiro.com.ar/0-160490-1.pdf
=CAT  \\$a7040$b40$c20120214$lBLL01$h1411
=CAT  \\$a10904$b40$c20121030$lBLL01$h0845
=FIN  \\$aY$d20121030
=FMT  \\$a  BK
=LAS  \\$a10904$b40$c20121030$lBLL01$h0845
=SID  \\$aZ39$bLOC

