=LDR  01632 am a22004334a 4500
=001  016029855
=003  Uk
=005  20120529140356.0
=008  110728s2011\\\\ag\\\\\\\b\\\\000\0\spa\d
=010  \\$a2011438328
=020  \\$a9789507868825
=035  \\$a(AR-BaFGC)0-135468/18
=040  \\$aAR-BaFGC$cAR-BaFGC$dDLC$dUk
=042  \\$aukblderived
=043  \\$ae-sp---
=050  00$aPQ6073.P6$bD53 2011
=245  00$aDialectos de la memoria :$btiempo, escritura e historia en la literatura española contemporánea /$cMa. Carmen Porrúa, editora ; Raúl Illescas, roodinador ; Ma. Carmen Porrúa ... [et al.].
=260  \\$aBuenos Aires :$bEditorial Biblos,$cc2011.
=300  \\$a200 p. ;$c23 cm.
=336  \\$atext$2rdacontent
=337  \\$aunmediated$2rdamedia
=338  \\$avolume$2rdacarrier
=490  0\$aTeoría y crítica
=504  \\$aIncludes bibliographical references.
=650  \0$aPolitics and literature$zSpain.
=650  \0$aSpanish literature$y20th century$xHistory and criticism.
=650  \0$aSpanish literature$y21st century$xHistory and criticism.
=700  1\$aPorrúa, María del Carmen.
=700  1\$aIllescas, Raúl.
=852  41$aBritish Library$bHMNTS$jYF.2012.a.14960
=856  41$3Table of contents only$uhttp://www.loc.gov/catdir/toc/gc01/9789507868825.pdf
=856  41$uhttp://core.cambeiro.com.ar/0-135468-18.pdf
=CAT  \\$a7040$b40$c20120214$lBLL01$h1414
=CAT  \\$a11131$b40$c20120529$lBLL01$h1403
=CAT  \\$aBATCH-UPD$b40$c20141002$lBLL01$h2117
=FIN  \\$aY$d20120529
=FMT  \\$a  BK
=LAS  \\$aBATCH-UPD$b40$c20141002$lBLL01$h2117
=SID  \\$aZ39$bLOC

