=LDR  01397 am a22003854a 4500
=001  016043702
=003  Uk
=005  20120906093650.0
=008  111012s2011\\\\ag\\\\\\\b\\\\000\0\spa\d
=010  \\$a2011438710
=020  \\$a9789876462082
=035  \\$a(AR-BaFGC)0-163258/0
=040  \\$aAR-BaFGC$cAR-BaFGC$dDLC$dUk
=042  \\$aukblderived
=043  \\$acl-----
=050  00$aPQ7081$b.A756 2011
=245  00$aAutos, barcos, trenes y aviones :$bmedios de transporte, modernidad y lenguajes artísticos en América Latina. /$cFernando Reati, compilador.
=260  \\$aCórdoba, República Argentina :$bAlción Editora,$cc2011.
=300  \\$a308 p. ;$c21 cm.
=336  \\$atext$2rdacontent
=337  \\$aunmediated$2rdamedia
=338  \\$avolume$2rdacarrier
=504  \\$aIncludes bibliographical references.
=650  \0$aLatin American literature$y20th century$xHistory and criticism.
=650  \0$aTransportation in literature.
=700  1\$aReati, Fernando O.,$d1954-
=852  41$aBritish Library$bHMNTS$jYF.2012.a.25099
=856  41$3Table of contents only$uhttp://www.loc.gov/catdir/toc/gc01/9789876462082.pdf
=856  41$uhttp://core.cambeiro.com.ar/0-163258-0.pdf
=CAT  \\$a8301$b40$c20120306$lBLL01$h1416
=CAT  \\$a11131$b40$c20120906$lBLL01$h0936
=FIN  \\$aY$d20120906
=FMT  \\$a  BK
=LAS  \\$a11131$b40$c20120906$lBLL01$h0936
=SID  \\$aZ39$bLOC

