=LDR  01597 am a2200433 a 4500
=001  016051369
=003  Uk
=005  20120717090848.0
=008  111220s2011\\\\ag\\\\\\\b\\\\000\0\spa\d
=010  \\$a2011438961
=020  \\$a9789871650224 (pbk.)
=035  \\$a(AR-BaFGC)0-164544/1
=040  \\$aAR-BaFGC$beng$cAR-BaFGC$dDLC$dUk
=042  \\$aukblsr
=043  \\$as-ag---
=050  00$aPN2452.B8$bM86 2011
=245  00$aMundos teatrales y pluralismo /$ccoordinador, Jorge Dubatti ; [texos de] Arreche ... [et al.].
=260  \\$aBuenos Aires :$bEdiciones del CCC, Centro Cultural de la Cooperación Floreal Gorini,$c[2011]
=300  \\$a317 p. ;$c23 cm.
=336  \\$atext$2rdacontent
=337  \\$aunmediated$2rdamedia
=338  \\$avolume$2rdacarrier
=490  0\$aMicropoéticas ;$v5
=504  \\$aIncludes bibliographical references.
=650  \0$aTheater$zArgentina$zBuenos Aires$xHistory$y20th century.
=650  \0$aArgentine drama$y20th century$xHistory and criticism.
=700  1\$aDubatti, Jorge,$d1963-
=700  1\$aArreche, Araceli.
=710  2\$aCentro Cultural de la Cooperación (Buenos Aires, Argentina)
=852  41$aBritish Library$bHMNTS$jYF.2012.a.20302
=856  41$uhttp://core.cambeiro.com.ar/0-164544-1.pdf
=856  41$3Table of contents only$uhttp://www.loc.gov/catdir/toc/gc01/9789871650224.pdf
=CAT  \\$a11375$b40$c20120315$lBLL01$h1547
=CAT  \\$a5521$b40$c20120712$lBLL01$h1456
=CAT  \\$a5521$b40$c20120717$lBLL01$h0908
=FIN  \\$aY$d20120712
=FMT  \\$a  BK
=LAS  \\$a5521$b40$c20120717$lBLL01$h0908
=SID  \\$aZ39$bLOC

