=LDR  01615 am a22004214a 4500
=001  016071952
=003  Uk
=005  20120626135555.0
=008  111004s2011\\\\ag\a\\\\\b\\\\001\0\spa\d
=010  \\$a2011438640
=020  \\$z9789871104925
=035  \\$a(AR-BaFGC)0-157943/2
=040  \\$aAR-BaFGC$cAR-BaFGC$dDLC$dUk
=042  \\$aukblderived
=043  \\$as-ag---
=050  00$aPN1993.5.A7$bH525 2011
=245  04$aUna historia del cine político y social en Argentina :$bformas, estilos y registros, 1969-2009 /$c[editores, Ana Laura Lusnich, Pablo Piedras ; prólogo, Alberto Elena ; consejo de edición, Javier Campo, Jorge Sala ; autores, María Aimaretti ... et al.].
=250  \\$a1. ed.
=260  \\$aBuenos Aires :$bNueva Librería,$c2011.
=300  \\$a754 p. :$bill. ;$c20 cm.
=336  \\$atext$2rdacontent
=337  \\$aunmediated$2rdamedia
=338  \\$avolume$2rdacarrier
=504  \\$aIncludes bibliographical references and indexes.
=650  \0$aMotion pictures$zArgentina$xHistory.
=650  \0$aMotion pictures$xPolitical aspects$zArgentina.
=650  \0$aMotion pictures$xSocial aspects$zArgentina.
=700  1\$aLusnich, Ana Laura.
=700  1\$aPiedras, Pablo.
=852  41$aBritish Library$bHMNTS$jYF.2012.a.17913
=856  41$3Table of contents only$uhttp://www.loc.gov/catdir/toc/gc01/9789871104925.pdf
=856  41$uhttp://core.cambeiro.com.ar/0-157943-2.pdf
=CAT  \\$a8301$b40$c20120424$lBLL01$h1533
=CAT  \\$a10904$b40$c20120626$lBLL01$h1355
=FIN  \\$aY$d20120626
=FMT  \\$a  BK
=LAS  \\$a10904$b40$c20120626$lBLL01$h1355
=SID  \\$aZ39$bLOC

