=LDR  02024 am a22005174a 4500
=001  016074235
=003  Uk
=005  20120906112406.0
=008  110810s2011\\\\ag\ab\\\\b\\\\100\0\spa\d
=010  \\$a2011438365
=020  \\$a9789871543663 (pbk.)
=035  \\$a(AR-BaFGC)0-132928/21
=040  \\$aAR-BaFGC$beng$cAR-BaFGC$dDLC$dUk
=042  \\$aukblsr
=043  \\$acl-----
=050  00$aHC130.P6$bS47 2008
=245  00$aReproducción de la pobreza en América Latina :$brelaciones sociales, poder y estructuras económicas /$cJorge Arzate Salgado, Alicia B. Gutiérrez, Josefina Huamán, coordinadores ; Rosana Soares Campos ... [et al.].
=250  \\$a1a ed. en español.
=260  \\$aCiudad de Buenos Aires :$bCLACSO,$c[2011]
=300  \\$a365 p. :$bill., maps ;$c23 cm.
=336  \\$atext$2rdacontent
=337  \\$aunmediated$2rdamedia
=338  \\$avolume$2rdacarrier
=490  0\$aColección CLACSO-CROP
=500  \\$aPapers from a seminar held in Lima, Peru, 15-17 Oct. 2008.
=504  \\$aIncludes bibliographical references.
=650  \0$aPoverty$zLatin America$vCongresses.
=650  \0$aPoor$xSocial conditions$zLatin America$vCongresses.
=650  \0$aIncome distribution$zLatin America$vCongresses.
=700  1\$aArzate Salgado, Jorge,$d1966-
=700  1\$aGutiérrez, Alicia B.
=700  1\$aHuamán, Josefina.
=700  1\$aCampos, Rosana Soares.
=710  2\$aConsejo Latinoamericano de Ciencias Sociales.
=710  2\$aComparative Research Programme on Poverty.
=852  41$aBritish Library$bHMNTS$jYF.2012.a.25212
=856  41$3Table of contents only$uhttp://www.loc.gov/catdir/toc/gc01/9789871543663.pdf
=856  41$uhttp://core.cambeiro.com.ar/0-132928-21.pdf
=CAT  \\$a11375$b40$c20120425$lBLL01$h1549
=CAT  \\$a10904$b40$c20120626$lBLL01$h1104
=CAT  \\$a10904$b40$c20120626$lBLL01$h1105
=CAT  \\$a5521$b40$c20120906$lBLL01$h1124
=FIN  \\$aY$d20120906
=FMT  \\$a  BK
=LAS  \\$a5521$b40$c20120906$lBLL01$h1124
=SID  \\$aZ39$bLOC

