=LDR  01791 am a22004574a 4500
=001  016074256
=003  Uk
=005  20120626140339.0
=008  110811s2011\\\\ag\ab\\\\b\\\\000\0\spa\d
=010  \\$a2011438358
=020  \\$a9789871543731
=035  \\$a(AR-BaFGC)0-160887/3
=040  \\$aAR-BaFGC$cAR-BaFGC$dDLC$dUk
=041  0\$aspa$apor
=042  \\$aukblderived
=043  \\$acl-----
=050  00$aHN110.5.A8$bD43 2011
=245  04$aUna década en movimiento :$bluchas populares en América Latina en el amanecer del siglo XXI /$cMassimo Modonesi y Julián Rebón, compiladores ; Gustavo Antón ... [et al.].
=250  \\$a1. ed.
=260  \\$aCiudad de Buenos Aires :$bCLACSO :$bUBA Sociales Publicaciones :$bPrometeo Libros :$bUniversidad de Buenos Aires, Facultad de Filosofía y Letras,$c2011.
=300  \\$a317 p. :$bill., map ;$c23 cm.
=336  \\$atext$2rdacontent
=337  \\$aunmediated$2rdamedia
=338  \\$avolume$2rdacarrier
=490  0\$aColección Perspectivas
=504  \\$aIncludes bibliographical references.
=546  \\$aTexts chiefly in Spanish; one article in Portuguese.
=650  \0$aSocial movements$zLatin America.
=651  \0$aLatin America$xSocial conditions$y21st century.
=651  \0$aLatin America$xPolitics and government$y21st century.
=700  1\$aModonesi, Massimo,$d1971-
=700  1\$aRebón, Julián.
=852  41$aBritish Library$bHMNTS$jYF.2012.a.17932
=856  41$3Table of contents only$uhttp://www.loc.gov/catdir/toc/gc01/9789871543731.pdf
=856  41$uhttp://core.cambeiro.com.ar/0-160887-3.pdf
=CAT  \\$a11375$b40$c20120425$lBLL01$h1605
=CAT  \\$a10904$b40$c20120626$lBLL01$h1403
=FIN  \\$aY$d20120626
=FMT  \\$a  BK
=LAS  \\$a10904$b40$c20120626$lBLL01$h1403
=SID  \\$aZ39$bLOC

