=LDR  01747 am a22004454a 4500
=001  016074356
=003  Uk
=005  20120612155238.0
=008  110810s2011\\\\ag\a\\\\\b\\\\000\0\spa\d
=010  \\$a2011438362
=020  \\$a9789871172733
=035  \\$a(AR-BaFGC)0-163081/0
=040  \\$aAR-BaFGC$cAR-BaFGC$dDLC$dUk
=042  \\$aukblderived
=043  \\$acl-----$as-ag---
=050  00$aJL968$b.S84 2011
=245  00$aSufragio femenino :$bprácticas y debates políticos, religiosos y culturales en la Argentina y América Latina /$cCarolina Barry, compiladora.
=250  \\$a1. ed.
=260  \\$a[Caseros, Buenos Aires, Argentina?] :$bEditorial de la Universidad Nacional de Tres de Febrero,$c2011.
=300  \\$a415 p. :$bill. ;$c23 cm.
=336  \\$atext$2rdacontent
=337  \\$aunmediated$2rdamedia
=338  \\$avolume$2rdacarrier
=504  \\$aIncludes bibliographical references.
=650  \0$aWomen$xSuffrage$zLatin America$xHistory.
=650  \0$aWomen$xSuffrage$zArgentina$xHistory.
=650  \0$aWomen$xPolitical activity$zLatin America$xHistory$y20th century.
=650  \0$aWomen$xPolitical activity$zArgentina$xHistory$y20th century.
=651  \0$aLatin America$xPolitics and government$y20th century.
=651  \0$aArgentina$xPolitics and government$y20th century.
=700  1\$aBarry, Carolina.
=852  41$aBritish Library$bHMNTS$jYF.2012.a.16158
=856  41$3Table of contents only$uhttp://www.loc.gov/catdir/toc/gc01/9789871172733.pdf
=856  41$uhttp://core.cambeiro.com.ar/0-163081-0.pdf
=CAT  \\$a11375$b40$c20120426$lBLL01$h0920
=CAT  \\$a11002$b40$c20120612$lBLL01$h1552
=FIN  \\$aY$d20120612
=FMT  \\$a  BK
=LAS  \\$a11002$b40$c20120612$lBLL01$h1552
=SID  \\$aZ39$bLOC

