=LDR  01395 am a2200409 a 4500
=001  016074364
=003  Uk
=005  20120611150721.0
=008  111018s2011\\\\ag\\\\\\\b\\\\000\0\spa\d
=010  \\$a  2011438717
=020  \\$a9789507869174
=035  \\$a(AR-BaFGC)0-134575/15
=040  \\$aAR-BaFGC$cAR-BaFGC$dDLC$dUk
=042  \\$aukblderived
=043  \\$as-ag---
=050  00$aHQ1236.5.A7$bD525 2011
=100  1\$aDi Marco, Graciela.
=245  13$aEl pueblo feminista :$bmovimientos sociales y lucha de las mujeres en torno a la ciudadanía /$cGraciela Di Marco.
=260  \\$aBuenos Aires :$bEditorial Biblos,$cc2011.
=300  \\$a334 p. ;$c23 cm.
=336  \\$atext$2rdacontent
=337  \\$aunmediated$2rdamedia
=338  \\$avolume$2rdacarrier
=490  0\$aSociedad
=504  \\$aIncludes bibliographical references (p. 313-334).
=650  \0$aWomen$xPolitical activity$zArgentina.
=650  \0$aSocial movements$zArgentina.
=650  \0$aFeminism$zArgentina.
=852  41$aBritish Library$bHMNTS$jYF.2012.a.16247
=856  41$3Table of contents only$uhttp://www.loc.gov/catdir/toc/gc01/9789507869174.pdf
=856  41$uhttp://core.cambeiro.com.ar/0-134575-15.pdf
=CAT  \\$a11375$b40$c20120426$lBLL01$h0928
=CAT  \\$a11002$b40$c20120611$lBLL01$h1507
=FIN  \\$aY$d20120611
=FMT  \\$a  BK
=LAS  \\$a11002$b40$c20120611$lBLL01$h1507
=SRC  \\$aBLL02

