=LDR  01533 am a2200409 a 4500
=001  016074509
=003  Uk
=005  20120626135110.0
=008  110728s2010\\\\ag\a\\\\\b\\\\000\0\spa\d
=010  \\$a2011438300
=020  \\$a9789507868719
=035  \\$a(AR-BaFGC)0-162354/0
=040  \\$aAR-BaFGC$cAR-BaFGC$dDLC$dUk
=042  \\$aukblderived
=043  \\$as-ag---
=050  00$aHD9574.A72$bP65 2010
=245  00$aPolítica petrolera peronista :$b1973-1976 /$cCristina Lucchini y Ángel Cerra, coordinadores ; Ángel Cerra ... [et al.].
=260  \\$aBuenos Aires :$bEditorial Biblos :$bFundación Simón Rodríguez,$cc2010.
=300  \\$a157 p. :$bill. ;$c20 cm.
=336  \\$atext$2rdacontent
=337  \\$aunmediated$2rdamedia
=338  \\$avolume$2rdacarrier
=504  \\$aIncludes bibliographical references.
=650  \0$aPetroleum industry and trade$xGovernment policy$zArgentina$xHistory$y20th century.
=650  \0$aPeronism$xHistory$y20th century.
=651  \0$aArgentina$xPolitics and government$y1955-1983.
=700  1\$aLucchini, Cristina$q(María Cristina)
=700  1\$aCerra, Ángel.
=852  41$aBritish Library$bHMNTS$jYF.2012.a.17925
=856  41$3Table of contents only$uhttp://www.loc.gov/catdir/toc/gc01/9789507868719.pdf
=856  41$uhttp://core.cambeiro.com.ar/0-162354-0.pdf
=CAT  \\$a11375$b40$c20120426$lBLL01$h1223
=CAT  \\$a10904$b40$c20120626$lBLL01$h1351
=FIN  \\$aY$d20120626
=FMT  \\$a  BK
=LAS  \\$a10904$b40$c20120626$lBLL01$h1351
=SID  \\$aZ39$bLOC

