=LDR  01565 am a22003854a 4500
=001  016074520
=003  Uk
=005  20120612132758.0
=008  100806s2010\\\\ag\\\\\\\b\\\\000\0\spa\d
=010  \\$a2010423734
=020  \\$a9789876461443
=035  \\$a(AR-BaFGC)0-159266/0
=040  \\$aAR-BaFGC$cAR-BaFGC$dDLC$dUk
=042  \\$aukblderived
=043  \\$as-ag---
=050  00$aF2991$b.E73 2010
=245  00$aEse ardiente jardín de la república :$bformación y desarticulación de un "campo" cultural: Tucumán, 1880 - 1975 /$cedición y coordinación, Fabiola Orquera ; autores, María Cecilia Bravo ... [et al.] ; contribuciones especiales, David Lagmanovich, Juan Falú, Gaspar Risco Fernández.
=260  \\$aCórdoba, República Argentina :$bAlción Editora,$cc2010.
=300  \\$a450 p. ;$c21 cm.
=336  \\$atext$2rdacontent
=337  \\$aunmediated$2rdamedia
=338  \\$avolume$2rdacarrier
=504  \\$aIncludes bibliographical references.
=651  \0$aTucumán (Argentina)$xCivilization$y20th century.
=651  \0$aTucumán (Argentina)$xIntellectual life$y20th century.
=700  1\$aOrquera, Yolanda Fabiola.
=852  41$aBritish Library$bHMNTS$jYF.2012.a.16153
=856  41$3Table of contents only$uhttp://www.loc.gov/catdir/toc/gc01/9789876461443.pdf
=856  41$uhttp://core.cambeiro.com.ar/0-159266-0.pdf
=CAT  \\$a11375$b40$c20120426$lBLL01$h1232
=CAT  \\$a11002$b40$c20120612$lBLL01$h1327
=FIN  \\$aY$d20120612
=FMT  \\$a  BK
=LAS  \\$a11002$b40$c20120612$lBLL01$h1327
=SID  \\$aZ39$bLOC

