=LDR  01549 am a22004214a 4500
=001  016120439
=003  Uk
=005  20121030093437.0
=008  110712s2011\\\\ag\\\\\\\b\\\\000\0\spa\d
=010  \\$a  2011438271
=020  \\$a9789871256860
=035  \\$a(AR-BaFGC)0-159277/2
=040  \\$aAR-BaFGC$cAR-BaFGC$dDLC$dUk
=042  \\$aukblderived
=043  \\$as-ag---
=050  00$aF2821.3.E84$bS54 2011
=245  00$aSignos de la identidad indígena :$bemergencias identitarias en el límite del tiempo histórico /$cKarina Bidaseca, coord. ; Natalia Borghini ... [et al.].
=250  \\$a1a ed.
=260  \\$aBuenos Aires :$bSB,$c2011.
=300  \\$a234 p. ;$c23 cm.
=336  \\$atext$2rdacontent
=337  \\$aunmediated$2rdamedia
=338  \\$avolume$2rdacarrier
=490  0\$aParadigma indicial. Serie Estudios poscoloniales
=504  \\$aIncludes bibliographical references.
=650  \0$aIndians of South America$zArgentina$xEthnic identity.
=650  \0$aIndians of South America$zArgentina$xGovernment relations.
=650  \0$aIndians of South America$zArgentina$xSocial conditions.
=700  1\$aBidaseca, Karina.
=852  41$aBritish Library$bHMNTS$jYF.2012.a.30746
=856  41$3Table of contents only$uhttp://www.loc.gov/catdir/toc/gc01/9789871256860.pdf
=856  41$uhttp://core.cambeiro.com.ar/0-159277-2.pdf
=CAT  \\$a9518$b40$c20120706$lBLL01$h1709
=CAT  \\$a11002$b40$c20121030$lBLL01$h0934
=FIN  \\$aY$d20121030
=FMT  \\$a  BK
=LAS  \\$a11002$b40$c20121030$lBLL01$h0934
=SRC  \\$aBLL02

