=LDR  01633 am a2200421 a 4500
=001  016120802
=003  Uk
=005  20140416093803.0
=008  110616s2011\\\\ag\a\\\\\b\\\\000\0\spa\d
=010  \\$a  2011438169
=020  \\$a9789507868962
=035  \\$a(AR-BaFGC)0-162629/1
=040  \\$aAR-BaFGC$cAR-BaFGC$dDLC$dUk
=042  \\$aukblderived
=043  \\$as-ag---
=050  00$aHN270.B8$bB85 2011
=245  00$aBuenos Aires :$bmanifestaciones, fiestas y rituales en el siglo XX /$cMirta Zaida Lobato, editora ; Luciana Anapios ... [et al.].
=260  \\$aBuenos Aires :$bEditorial Biblos,$cc2011.
=300  \\$a287 p. :$bill. ;$c23 cm.
=336  \\$atext$2rdacontent
=337  \\$aunmediated$2rdamedia
=338  \\$avolume$2rdacarrier
=490  0\$aLa Argentina contemporánea
=504  \\$aIncludes bibliographical references (p. 277-284).
=650  \0$aProtest movements$zArgentina$zBuenos Aires$xHistory$y20th century.
=650  \0$aSocial movements$zArgentina$zBuenos Aires$xHistory$y20th century.
=650  \0$aWorking class$xPolitical activity$zArgentina$zBuenos Aires$xHistory$y20th century.
=651  \0$aBuenos Aires (Argentina)$xSocial conditions$y20th century.
=700  1\$aLobato, Mirta Zaida.
=852  41$aBritish Library$bHMNTS$jYF.2014.a.9618
=856  41$3Table of contents only$uhttp://www.loc.gov/catdir/toc/gc01/9789507868962.pdf
=856  41$uhttp://core.cambeiro.com.ar/0-162629-1.pdf
=CAT  \\$a8157$b40$c20120709$lBLL01$h0805
=CAT  \\$a11131$b40$c20140416$lBLL01$h0938
=FIN  \\$aY$d20140416
=FMT  \\$a  BK
=LAS  \\$a11131$b40$c20140416$lBLL01$h0938
=SRC  \\$aBLL02

