=LDR  01347 am a2200397 a 4500
=001  016120938
=003  Uk
=005  20120709112742.0
=008  100609s2010\\\\ag\\\\\\\b\\\\000\0\spa\d
=010  \\$a2010423347
=020  \\$a9789502317045
=035  \\$a(AR-BaFGC)0-786/21
=040  \\$aUk$beng$cUk$dUk
=042  \\$aukblsr
=043  \\$as-ag---
=050  00$aF2849.2$b.S633 2010
=245  03$aLa sociedad argentina hoy frente a los años '70 /$c[Claudia Medvescig ... et al.].
=260  \\$a[Ciudad de Buenos Aires] :$bEudeba :$bCentro Cultural de la Memoria Haroldo Conti,$c[2010]
=300  \\$a194 p. ;$c22 cm.
=336  \\$atext$2rdacontent
=337  \\$aunmediated$2rdamedia
=338  \\$avolume$2rdacarrier
=504  \\$aIncludes bibliographical references.
=650  \0$aCollective memory$zArgentina.
=650  \0$aState-sponsored terrorism$zArgentina.
=651  \0$aArgentina$xHistory$yDirty War, 1976-1983.
=700  1\$aMedvescig, Claudia.
=852  41$aBritish Library$bHMNTS$jYF.2012.a.21415
=856  41$3Table of contents only$uhttp://www.loc.gov/catdir/toc/gc01/9789502317045.pdf
=856  41$uhttp://core.cambeiro.com.ar/0-786-21.pdf
=985  \\$aGC-FY09
=CAT  \\$a12025$b40$c20120709$lBLL01$h1127
=FIN  \\$aY$d20120709
=FMT  \\$a  BK
=LAS  \\$a12025$b40$c20120709$lBLL01$h1127
=SID  \\$aZ39$bLOC

