=LDR  01557 am a2200397 a 4500
=001  016145265
=003  Uk
=005  20121030085613.0
=008  120503s2011\\\\ag\a\\\\\b\\\\000\0\spa\d
=010  \\$a2012377396
=020  \\$z9789876770163
=035  \\$a(AR-BaFGC)0-164232/0
=040  \\$aAR-BaFGC$cAR-BaFGC$dDLC$dUk
=042  \\$aukblderived
=043  \\$as-ag---
=050  00$aF2830$b.E38 2011
=245  00$aEducación, memoria y dictadura en la escuela media :$bla transmisión escolar de la historia reciente en el sur de la Provincia de Santa Fe /$cMaría Silvia Serra, dir. ; [escriben, Sandra Bembo ... et al.].
=250  \\$a1o ed.
=260  \\$aRosario, [Santa Fe] Argentina :$bLaborde Editor,$c2011.
=300  \\$a153 p. :$bill. ;$c21 cm.
=336  \\$atext$2rdacontent
=337  \\$aunmediated$2rdamedia
=338  \\$avolume$2rdacarrier
=504  \\$aIncludes bibliographical references (p. 147-153).
=650  \0$aCollective memory$zArgentina$zSanta Fe (Province)
=651  \0$aArgentina$xHistory$yDirty War, 1976-1983$xStudy and teaching (Secondary)$zArgentina$zSanta Fe (Province)
=700  1\$aSerra, María Silvia.
=852  41$aBritish Library$bHMNTS$jYF.2012.a.32428
=856  41$uhttp://core.cambeiro.com.ar/0-164232-0.pdf
=856  41$3Table of contents only$uhttp://www.loc.gov/catdir/toc/gc01/9789876770163.pdf
=CAT  \\$a5181$b40$c20120810$lBLL01$h0952
=CAT  \\$a11002$b40$c20121030$lBLL01$h0856
=FIN  \\$aY$d20121030
=FMT  \\$a  BK
=LAS  \\$a11002$b40$c20121030$lBLL01$h0856
=SID  \\$aZ39$bLOC

