=LDR  01801 am a2200469 a 4500
=001  016145538
=003  Uk
=005  20130104112602.0
=008  111117s2011\\\\ag\\\\\\\b\\\f000\0\spa\d
=010  \\$a2011438765
=020  \\$a9789871435302
=035  \\$a(AR-BaFGC)0-156417/3
=040  \\$aAR-BaFGC$cAR-BaFGC$dDLC$dUk
=042  \\$aukblderived
=043  \\$aff-----$as------
=050  00$aHQ1790.5$b.F45 2011
=245  00$aFeminismos, democratización y democracia radical :$bestudios de caso de América del Sur, Central, Medio Oriente y Norte de África /$cGraciela Di Marco, Constanza Tabbush, compiladoras.
=250  \\$a1a ed.
=260  \\$aSan Martín, Provincia de VBuenos Aires [Argentina] :$bUNSAM Edita,$c2011.
=300  \\$a246 p. ;$c21 cm.
=336  \\$atext$2rdacontent
=337  \\$aunmediated$2rdamedia
=338  \\$avolume$2rdacarrier
=490  0\$aCiencias sociales
=504  \\$aIncludes bibliographical references.
=650  \0$aFeminism$zAfrica, North$vCase studies.
=650  \0$aFeminism$zSouth America$vCase studies.
=650  \0$aWomen$xPolitical activity$zAfrica, North$vCase studies.
=650  \0$aWomen$xPolitical activity$zSouth America$vCase studies.
=650  \0$aWomen's rights$zAfrica, North$vCase studies.
=650  \0$aWomen's rights$zSouth America$vCase studies.
=700  1\$aDi Marco, Graciela.
=700  1\$aTabbush, Constanza.
=852  41$aBritish Library$bHMNTS$jYF.2013.a.332
=856  41$3Table of contents only$uhttp://www.loc.gov/catdir/toc/gc01/9789871435302.pdf
=856  41$uhttp://core.cambeiro.com.ar/0-156417-3.pdf
=CAT  \\$a5181$b40$c20120810$lBLL01$h1346
=CAT  \\$a11002$b40$c20130104$lBLL01$h1126
=FIN  \\$aY$d20130104
=FMT  \\$a  BK
=LAS  \\$a11002$b40$c20130104$lBLL01$h1126
=SID  \\$aZ39$bLOC

