=LDR  01702 am a2200469 a 4500
=001  016145544
=003  Uk
=005  20121022085207.0
=008  120319s2011\\\\ag\\\\\\\b\\\\000\0\spa\d
=010  \\$a2012377248
=020  \\$a9789871238743
=035  \\$a(AR-BaFGC)0-163083/0
=040  \\$aAR-BaFGC$cAR-BaFGC$dDLC$dUk
=041  0\$aspa$apor
=042  \\$aukblderived
=043  \\$as-ag---$as-bl---
=050  00$aHN263.5$b.A754 2011
=245  00$aAntropología de tramas políticas colectivas :$bestudios en Argentina y Brasil /$c[editores] Mabel Grimberg, Marcelo Ernandez Macedo, Virginia Manzano.
=250  \\$a1. ed.
=260  \\$a[Buenos Aires?] :$bUniversidad de Buenos Aires :$bEA,$c2011.
=300  \\$a344 p. ;$c23 cm.
=336  \\$atext$2rdacontent
=337  \\$aunmediated$2rdamedia
=338  \\$avolume$2rdacarrier
=504  \\$aIncludes bibliographical references.
=546  \\$aTexts chiefly in Spanish; four articles in Portuguese.
=650  \0$aSocial movements$zArgentina.
=650  \0$aSocial movements$zBrazil.
=650  \0$aPolitical science$xAnthropological aspects$zArgentina.
=650  \0$aPolitical science$xAnthropological aspects$zBrazil.
=700  1\$aGrimberg, Mabel.
=700  1\$aMacedo, Marcelo Ernandez.
=700  1\$aManzano, Virginia.
=852  41$aBritish Library$bHMNTS$jYF.2012.a.29782
=856  41$3Table of contents only$uhttp://www.loc.gov/catdir/toc/gc01/9789871238743.pdf
=856  41$uhttp://core.cambeiro.com.ar/0-163083-0.pdf
=CAT  \\$a5181$b40$c20120810$lBLL01$h1351
=CAT  \\$a11131$b40$c20121022$lBLL01$h0852
=FIN  \\$aY$d20121022
=FMT  \\$a  BK
=LAS  \\$a11131$b40$c20121022$lBLL01$h0852
=SID  \\$aZ39$bLOC

