=LDR  01637 am a2200457 a 4500
=001  016145621
=003  Uk
=005  20130115101844.0
=008  120222s2011\\\\ag\\\\\\\b\\\\100\0\spa\d
=010  \\$a2012377040
=020  \\$a9789876291866
=035  \\$a(AR-BaFGC)0-164476/2
=040  \\$aAR-BaFGC$cAR-BaFGC$dDLC$dUk
=042  \\$aukblderived
=043  \\$acl-----
=050  00$aGN33$b.A455 2011
=245  00$aAntropología ahora :$bdebates sobre la alteridad /$cAlejandro Grimson, Silvina Merenson, Gabriel Noel, compiladores ; Otávio Velho ... [et al.].
=260  \\$aBuenos Aires :$bSiglo Veintiuno Editores,$cc2011.
=300  \\$a175 p. :$bill. ;$c21 cm.
=336  \\$atext$2rdacontent
=337  \\$aunmediated$2rdamedia
=338  \\$avolume$2rdacarrier
=490  0\$aColección Antropológicas
=504  \\$aIncludes bibliographical references.
=650  \0$aAnthropology$xPhilosophy.
=650  \0$aEthnocentrism.
=650  \0$aAnthropology$zLatin America.
=700  1\$aGrimson, Alejandro.
=700  1\$aMerenson, Silvina.
=700  1\$aNoel, Gabriel.
=711  2\$aReunión de Antropología del MERCOSUR$n(8th :$d2009 :$cBuenos Aires, Argentina)
=852  41$aBritish Library$bHMNTS$jYF.2012.a.30753
=856  41$uhttp://core.cambeiro.com.ar/0-164476-2.pdf
=856  41$3Table of contents only$uhttp://www.loc.gov/catdir/toc/gc01/9789876291866.pdf
=CAT  \\$a5181$b40$c20120810$lBLL01$h1453
=CAT  \\$a11002$b40$c20121030$lBLL01$h0752
=CAT  \\$a6066$b40$c20130115$lBLL01$h1018
=FIN  \\$aY$d20121030
=FMT  \\$a  BK
=LAS  \\$a6066$b40$c20130115$lBLL01$h1018
=SID  \\$aZ39$bLOC

