=LDR  01717 am a2200457 a 4500
=001  016145629
=003  Uk
=005  20121022093858.0
=008  120228s2011\\\\ag\ab\\\\b\\\\000\0\spa\d
=010  \\$a2012377103
=020  \\$a9789871432745
=035  \\$a(AR-BaFGC)0-163856/0
=040  \\$aAR-BaFGC$cAR-BaFGC$dDLC$dUk
=042  \\$aukblderived
=050  00$aF2230.1.R6$bE57 2011
=245  00$aEn ruta :$barqueología, historia y etnografía del tráfico sur andino /$cLautaro Núñez A. y Axel E. Nielsen, editores ; [autores, Lorena Arancibia ... et al.].
=250  \\$a1o [sic] ed.
=260  \\$a[Córdoba, Argentina?] :$bEncuentro Grupo Editor,$cc2011.
=300  \\$a405 p. :$bill., maps ;$c24 cm.
=336  \\$atext$2rdacontent
=337  \\$aunmediated$2rdamedia
=338  \\$avolume$2rdacarrier
=504  \\$aIncludes bibliographical references.
=650  \0$aIndian roads$zAndes Region.
=650  \0$aIndians of South America$xCommerce$zAndes Region.
=650  \0$aIndians of South America$zAndes Region$xAntiquities.
=650  \0$aEtnohistory$zAndes Region.
=651  \0$aAndes Region$xAntiquities.
=700  1\$aNúñez A., Lautaro.
=700  1\$aNielsen, Axel E.
=852  41$aBritish Library$bHMNTS$jYF.2012.a.29729
=856  41$3Table of contents only$uhttp://www.loc.gov/catdir/toc/gc01/9789871432745.pdf
=856  41$uhttp://core.cambeiro.com.ar/0-163856-0.pdf
=CAT  \\$a5181$b40$c20120810$lBLL01$h1456
=CAT  \\$a11131$b40$c20121022$lBLL01$h0938
=CAT  \\$aBATCH-UPD$b40$c20160127$lBLL01$h1817
=CAT  \\$aBATCH-UPD$b40$c20160625$lBLL01$h1718
=FIN  \\$aY$d20121022
=FMT  \\$a  BK
=LAS  \\$aBATCH-UPD$b40$c20160625$lBLL01$h1718
=SID  \\$aZ39$bLOC

