=LDR  02771 am a22006017a 4500
=001  016173522
=003  Uk
=005  20140924175652.0
=008  130604s2011\\\\ag\ab\\\\b\\\f100\0\spa\d
=010  \\$a  2012516394
=020  \\$a9789873304279
=035  \\$a(AR-BaFGC)0-163188/0
=040  \\$aAR-BaFGC$cAR-BaFGC$dDLC$dUk
=041  1\$aspa$apor$hpor
=042  \\$aukblderived
=043  \\$as-bl---$as-ag---
=050  00$aF2230.2.T84$bA77 2011
=245  00$aArqueología tupiguaraní /$ceditado por Daniel Loponte y Alejandro Acosta ; con contribuciones de Tania Andrade Lima ... [et al.].
=260  \\$aCiudad Autónoma de Buenos Aires :$bInstituto Nacional de Antropología y Pensamiento Latinoamericano,$cc2011.
=300  \\$a154 p. :$bill. (some col.), 1 map ;$c29 cm
=336  \\$atext$2rdacontent
=337  \\$aunmediated$2rdamedia
=338  \\$avolume$2rdacarrier
=504  \\$aIncludes bibliographical references.
=546  \\$aTwo texts in Spanish (one of them translated from Portuguese) and another in Portuguese.
=650  \0$aTupi Indians$zBrazil$vCongresses.
=650  \0$aGuarani Indians$zBrazil$vCongresses.
=650  \0$aExcavations (Archaeology)$zBrazil$vCongresses.
=650  \0$aGuarani Indians$zArgentina$zParaná River Delta$vCongresses.
=650  \0$aExcavations (Archaeology)$zArgentina$zParaná River Delta$vCongresses.
=651  \0$aBrazil$xAntiquities$vCongresses.
=651  \0$aParaná River Delta (Argentina)$xAntiquities$vCongresses.
=700  1\$aLoponte, Daniel.
=700  1\$aAcosta, Alejandro$q(Alejandro José),$d1965-
=700  12$aLima, Tania Andrade.$tProblema da atribuição de identidades étnicas a registros arqueológicos.
=700  12$aProus, André.$tEstudios sobre los portadores de la cerámica tupíguaraní en Brasil.
=710  2\$aInstituto Nacional de Antropología y Pensamiento Latinoamericano (Argentina)
=711  2\$aJornadas de Actualización en Arqueología Tupiguaraní$n(1st :$d2009 :$cBuenos Aires, Argentina)
=740  02$aArqueología guaraní en el extremo meridional de la cuenca del Plata.
=852  41$aBritish Library$bHMNTS$jYF.2014.b.1979
=856  41$3Table of contents only$uhttp://www.loc.gov/catdir/toc/gc01/9789873304279.pdf
=856  41$uhttp://core.cambeiro.com.ar/0-163188-0.pdf
=CAT  \\$a9518$b40$c20120919$lBLL01$h1109
=CAT  \\$a10904$b40$c20140901$lBLL01$h0737
=CAT  \\$aBATCH-UPD$b40$c20140901$lBLL01$h0737
=CAT  \\$a6066$b40$c20140902$lBLL01$h1608
=CAT  \\$a6066$b40$c20140924$lBLL01$h1729
=CAT  \\$a6066$b40$c20140924$lBLL01$h1756
=CAT  \\$aBATCH-UPD$b40$c20180113$lBLL01$h1724
=FIN  \\$aY$d20140901
=FMT  \\$a  BK
=LAS  \\$aBATCH-UPD$b40$c20180113$lBLL01$h1724
=SRC  \\$aBLL02

