=LDR  01457 am a22004217a 4500
=001  016173565
=003  Uk
=005  20140901083846.0
=008  111111s2011\\\\ag\\\\\\\b\\\\000\0\spa\d
=010  \\$a  2011438807
=020  \\$a9789500206174
=035  \\$a(AR-BaFGC)0-164017/0
=040  \\$aAR-BaFGC$cAR-BaFGC$dDLC$dUk
=042  \\$aukblderived
=043  \\$as-ag---
=050  00$aJL2092$b.H565 2011
=245  00$aHistoria de las elecciones en la Argentina :$b1805-2011 /$cHilda Sábato ... [et al.] ; epílogo, Natalio Botana.
=250  \\$a1a ed.
=260  \\$aBuenos Aires :$bEditorial El Ateneo,$c2011.
=300  \\$a382 p. ;$c23 cm.
=336  \\$atext$2rdacontent
=337  \\$aunmediated$2rdamedia
=338  \\$avolume$2rdacarrier
=504  \\$aIncludes bibliographical references (p. 375-382).
=650  \0$aElections$zArgentina$xHistory.
=650  \0$aSuffrage$zArgentina$xHistory.
=651  \0$aArgentina$xPolitics and government$y1810-
=700  1\$aSábato, Hilda.
=852  41$aBritish Library$bHMNTS$jYF.2014.a.18973
=856  41$3Table of contents only$uhttp://www.loc.gov/catdir/toc/gc01/9789500206174.pdf
=856  41$uhttp://core.cambeiro.com.ar/0-164017-0.pdf
=CAT  \\$a9518$b40$c20120919$lBLL01$h1135
=CAT  \\$a11002$b40$c20140901$lBLL01$h0838
=CAT  \\$aBATCH-UPD$b40$c20211002$lBLL01$h1715
=FIN  \\$aY$d20140901
=FMT  \\$a  BK
=LAS  \\$aBATCH-UPD$b40$c20211002$lBLL01$h1715
=SRC  \\$aBLL02

