=LDR  01483 am a2200409 i 4500
=001  016173766
=003  Uk
=005  20140826142019.0
=008  140612s2011\\\\ag\\\\\\\b\\\f000\0\spa\d
=010  \\$a  2012516585
=020  \\$a9789508631466
=035  \\$a(AR-BaFGC)0-162892/0
=040  \\$aAR-BaFGC$cAR-BaFGC$dDLC$dUk$erda
=042  \\$aukblderived
=043  \\$as-ag---
=050  00$aPM5101$b.I58 2011
=245  00$aInvestigaciones sobre lenguas indígenas sudamericanas /$cAna Fernández Garay, Antonio Díaz-Fernández.
=264  \1$aSanta Rosa, La Pampa :$bEditorial de la Universidad Nacional de La Pampa,$c[2011]
=300  \\$a341 pages ;$c22 cm
=336  \\$atext$2rdacontent
=337  \\$aunmediated$2rdamedia
=338  \\$avolume$2rdacarrier
=504  \\$aIncludes bibliographical references.
=650  \0$aIndians of South America$zArgentina$xLanguages.
=651  \0$aArgentina$xLanguages.
=700  1\$aFernández Garay, Ana,$eeditor.
=700  1\$aDíaz-Fernández, Antonio,$eeditor.
=852  41$aBritish Library$bHMNTS$jYF.2014.a.18838
=856  41$uhttp://core.cambeiro.com.ar/0-162892-0.pdf
=856  41$3Table of contents only$uhttp://www.loc.gov/catdir/toc/gc01/9789508631466.pdf
=CAT  \\$a9701$b40$c20120919$lBLL01$h1515
=CAT  \\$a10904$b40$c20140826$lBLL01$h1420
=CAT  \\$aBATCH-UPD$b40$c20170109$lBLL01$h2023
=FIN  \\$aY$d20140826
=FMT  \\$a  BK
=LAS  \\$aBATCH-UPD$b40$c20170109$lBLL01$h2023
=SID  \\$aZ39$bLOC

