=LDR  01363 am a2200409 a 4500
=001  016173795
=003  Uk
=005  20140623081435.0
=008  120224s2011\\\\ag\\\\\\\b\\\\000\0\spa\d
=010  \\$a  2012377045
=020  \\$a9789507869334
=035  \\$a(AR-BaFGC)0-155719/31
=040  \\$aAR-BaFGC$cAR-BaFGC$dDLC$dUk
=042  \\$aukblcatcopy
=043  \\$as-ag---
=050  00$aPQ7703$b.C67 2011
=245  03$aUn corte de género :$bmito y fantasía /$cJosé Amícola, coordinador.
=260  \\$aBuenos Aires :$bEditorial Biblos,$cc2011.
=300  \\$a227 p. ;$c20 cm.
=336  \\$atext$2rdacontent
=337  \\$aunmediated$2rdamedia
=338  \\$avolume$2rdacarrier
=490  0\$aInvestigaciones y ensayos
=504  \\$aIncludes bibliographical references.
=650  \0$aArgentine fiction$y20th century$xHistory and criticism.
=650  \0$aMyth in literature.
=651  \0$aFantasy in literature.
=700  1\$aAmícola, José.
=852  41$aBritish Library$bHMNTS$jYF.2014.a.14976
=856  41$uhttp://core.cambeiro.com.ar/0-155719-31.pdf
=856  41$3Table of contents only$uhttp://www.loc.gov/catdir/toc/gc01/9789507869334.pdf
=CAT  \\$a9518$b40$c20120919$lBLL01$h1549
=CAT  \\$a11002$b40$c20140623$lBLL01$h0814
=FIN  \\$aY$d20140623
=FMT  \\$a  BK
=LAS  \\$a11002$b40$c20140623$lBLL01$h0814
=SRC  \\$aBLL02

