=LDR  01295 am a2200385 a 4500
=001  016187662
=003  Uk
=005  20130322084700.0
=008  120112s2011\\\\ag\\\\\\\\\\\\000\0\spa\d
=010  \\$a2011438929
=020  \\$a9789875591882
=035  \\$a(AR-BaFGC)0-158809/6
=040  \\$aAR-BaFGC$cAR-BaFGC$dDLC$dUk
=042  \\$aukblderived
=050  00$aPQ7797.V446$bZ925 2011
=245  00$aViel Temperley. /$cCassara ... [et al.].
=260  \\$aBuenos Aires :$bEdiciones del Dock,$cc2011.
=300  \\$a147 p. ;$c20 cm.
=336  \\$atext$2rdacontent
=337  \\$aunmediated$2rdamedia
=338  \\$avolume$2rdacarrier
=490  0\$aColección Época ;$v6
=600  10$aViel Temperley, Héctor$xCriticism and interpretation.
=700  1\$aCassara, Walter,$d1971-
=852  41$aBritish Library$bHMNTS$jYF.2013.a.5483
=856  41$uhttp://core.cambeiro.com.ar/0-158809-6.pdf
=856  41$3Table of contents only$uhttp://www.loc.gov/catdir/toc/gc01/9789875591882.pdf
=CAT  \\$a9518$b40$c20121010$lBLL01$h1150
=CAT  \\$a11131$b40$c20130322$lBLL01$h0847
=CAT  \\$aBATCH-UPD$b40$c20131214$lBLL01$h1846
=CAT  \\$aBATCH-UPD$b40$c20191105$lBLL01$h1918
=FIN  \\$aY$d20130322
=FMT  \\$a  BK
=LAS  \\$aBATCH-UPD$b40$c20191105$lBLL01$h1918
=SID  \\$aZ39$bLOC

