=LDR  01303 am a2200397 a 4500
=001  016187670
=003  Uk
=005  20121127134242.0
=008  120229s2011\\\\ag\\\\\\\b\\\\000\0\spa\d
=010  \\$a2012377070
=020  \\$a9789875591875
=035  \\$a(AR-BaFGC)0-158809/5
=040  \\$aAR-BaFGC$cAR-BaFGC$dDLC$dUk
=042  \\$aukblderived
=043  \\$as-ag---
=050  00$aPQ7671$b.M87 2011
=245  03$aLa música de la poesía /$cFoguet ... [et al.].
=260  \\$aBuenos Aires :$bEdiciones del Dock,$cc2011.
=300  \\$a128 p. ;$c20 cm.
=336  \\$atext$2rdacontent
=337  \\$aunmediated$2rdamedia
=338  \\$avolume$2rdacarrier
=490  0\$aColección Época ;$v5
=504  \\$aIncludes bibliographical references.
=650  \0$aArgentine poetry$y20th century$xHistory and criticism.
=650  \0$aMusic and literature.
=700  1\$aFoguet, Javier,$d1977-
=852  41$aBritish Library$bHMNTS$jYF.2013.a.4566
=856  41$3Table of contents only$uhttp://www.loc.gov/catdir/toc/gc01/9789875591875.pdf
=856  41$uhttp://core.cambeiro.com.ar/0-158809-5.pdf
=CAT  \\$a9518$b40$c20121010$lBLL01$h1156
=CAT  \\$a11131$b40$c20121127$lBLL01$h1342
=FIN  \\$aY$d20121127
=FMT  \\$a  BK
=LAS  \\$a11131$b40$c20121127$lBLL01$h1342
=SID  \\$aZ39$bLOC

