=LDR  01400 am a22004094a 4500
=001  016187816
=003  Uk
=005  20130105061157.0
=008  110523s2011\\\\ag\a\\\\\b\\\\000\0\spa\d
=010  \\$a  2011438049
=020  \\$z9789507868405
=035  \\$a(AR-BaFGC)0-151603/7
=040  \\$aAR-BaFGC$cAR-BaFGC$dDLC$dUk
=041  1\$aspa$heng
=042  \\$aukblderived
=043  \\$as-ag---
=050  00$aGN298$b.C84 2011
=245  00$aCuerpos plurales :$bantropología de y desde los cuerpos /$cSilvia Citro, coordinadora ; Patricia Aschieri ... [et al.].
=260  \\$aBuenos Aires :$bEditorial Biblos,$cc2011.
=300  \\$a347 p. :$bill. ;$c23 cm.
=336  \\$atext$2rdacontent
=337  \\$aunmediated$2rdamedia
=338  \\$avolume$2rdacarrier
=490  0\$aCulturalia
=504  \\$aIncludes bibliographical references (p. 317-341).
=650  \0$aHuman body$xSocial aspects$zArgentina$vCase studies.
=650  \0$aHuman body$xSocial aspects.
=700  1\$aCitro, Silvia.
=852  41$aBritish Library$bHMNTS$jYF.2013.a.320
=856  41$3Table of contents only$uhttp://www.loc.gov/catdir/toc/gc01/9789507868405.pdf
=856  41$uhttp://core.cambeiro.com.ar/0-151603-7.pdf
=CAT  \\$a9518$b40$c20121010$lBLL01$h1439
=CAT  \\$a10904$b40$c20130105$lBLL01$h0611
=FIN  \\$aY$d20130105
=FMT  \\$a  BK
=LAS  \\$a10904$b40$c20130105$lBLL01$h0611
=SID  \\$aZ39$bLOC

