=LDR  01601cam a22004454a 4500
=001  016188043
=003  Uk
=005  20130529074205.0
=008  110615s2010\\\\ag\ab\\\\b\\\\000\0\spa\d
=010  \\$a2011438175
=020  \\$a9789876011181
=035  \\$a(AR-BaFGC)0-161038/0
=040  \\$aAR-BaFGC$cAR-BaFGC$dDLC$dUk
=042  \\$aukblderived
=043  \\$as-ag---
=050  00$aF2821$b.M68 2010
=245  00$aMovilizaciones indígenas e identidades en disputa en la Argentina /$cGastón Gordillo y Silvia Hirsch, compiladores.
=250  \\$a1. ed.
=260  \\$a[Argentina] :$bFLACSO Argentina :$bLa Crujía,$c2010.
=300  \\$a285 p. :$bill., map ;$c23 cm.
=336  \\$atext$2rdacontent
=337  \\$aunmediated$2rdamedia
=338  \\$avolume$2rdacarrier
=504  \\$aIncludes bibliographcial references.
=650  \0$aIndians of South America$zArgentina$xEthnic identity.
=650  \0$aIndians of South America$zArgentina$xSocial conditions.
=651  \0$aArgentina$xRace relations.
=700  1\$aGordillo, Gastón.
=700  1\$aHirsch, Silvia María.
=852  41$aBritish Library$bHMNTS$jYF.2013.a.10113
=856  41$3Table of contents only$uhttp://www.loc.gov/catdir/toc/gc01/9789876011181.pdf
=856  41$uhttp://core.cambeiro.com.ar/0-161038-0.pdf
=CAT  \\$a9518$b40$c20121010$lBLL01$h1606
=CAT  \\$a11002$b40$c20130529$lBLL01$h0742
=CAT  \\$aBATCH-UPD$b40$c20171211$lBLL01$h2026
=CAT  \\$aBATCH-UPD$b40$c20230409$lBLL01$h2112
=FIN  \\$aY$d20130529
=FMT  \\$a  BK
=LAS  \\$aBATCH-UPD$b40$c20230409$lBLL01$h2112
=SID  \\$aZ39$bLOC

