=LDR  01395 am a2200397 a 4500
=001  016188050
=003  Uk
=005  20130105065332.0
=008  110630s2011\\\\ag\a\\\\\b\\\\000\0\spa\d
=010  \\$a  2011438191
=020  \\$a9789871489251
=035  \\$a(AR-BaFGC)0-153983/3
=040  \\$aAR-BaFGC$cAR-BaFGC$dDLC$dUk
=042  \\$aukblderived
=043  \\$as-ag---
=050  00$aHQ18.A7$bV63 2011
=245  00$aVoces polifónicas :$bitinerarios de los géneros y las sexualidades /$cGutiérrez, María Alicia, comp. ; Acevedo, Mariela ... [et al. ; prólogo Roberto Echavarren].
=260  \\$aBuenos Aires :$bEdiciones Godot,$c2011.
=300  \\$a287 p. :$bill. ;$c21 cm.
=336  \\$atext$2rdacontent
=337  \\$aunmediated$2rdamedia
=338  \\$avolume$2rdacarrier
=490  0\$aColección Crítica
=504  \\$aIncludes bibliographical references.
=650  \0$aSex$zArgentina.
=650  \0$aHomosexuality$zArgentina.
=700  1\$aGutiérrez, María Alicia.
=852  41$aBritish Library$bHMNTS$jYF.2013.a.325
=856  41$3Table of contents only$uhttp://www.loc.gov/catdir/toc/gc01/9789871489251.pdf
=856  41$uhttp://core.cambeiro.com.ar/0-153983-3.pdf
=CAT  \\$a9518$b40$c20121010$lBLL01$h1612
=CAT  \\$a10904$b40$c20130105$lBLL01$h0653
=FIN  \\$aY$d20130105
=FMT  \\$a  BK
=LAS  \\$a10904$b40$c20130105$lBLL01$h0653
=SRC  \\$aBLL02

