=LDR  01423 am a22004094a 4500
=001  016188052
=003  Uk
=005  20130322091300.0
=008  101124s2010\\\\ag\\\\\\\b\\\\000\0\spa\d
=010  \\$a2010504211
=020  \\$a9789871172658
=035  \\$a(AR-BaFGC)0-160559/0
=040  \\$aAR-BaFGC$cAR-BaFGC$dDLC$dUk
=042  \\$aukblderived
=043  \\$as-ag---
=050  00$aP92.A68$bA751 2010
=245  00$aArtes e industrias culturales :$bdebates contemporáneos en Argentina /$cOscar Moreno, coordinador.
=250  \\$a1. ed.
=260  \\$a[Caseros?, Argentina] :$bEDUNTREF, Editorial de la Universidad Nacional de Tres de Febrero,$c2010.
=300  \\$a275 p. ;$c23 cm.
=336  \\$atext$2rdacontent
=337  \\$aunmediated$2rdamedia
=338  \\$avolume$2rdacarrier
=504  \\$aIncludes bibliographical references.
=650  \0$aCultural industries$zArgentina$xManagement.
=650  \0$aArts$zArgentina$xManagement.
=651  \0$aArgentina$xCultural policy.
=700  1\$aMoreno, Oscar.
=852  41$aBritish Library$bHMNTS$jYF.2013.a.5289
=856  41$3Table of contents only$uhttp://www.loc.gov/catdir/toc/gc01/9789871172658.pdf
=856  41$uhttp://core.cambeiro.com.ar/0-160559-0.pdf
=CAT  \\$a9518$b40$c20121010$lBLL01$h1615
=CAT  \\$a11131$b40$c20130322$lBLL01$h0913
=FIN  \\$aY$d20130322
=FMT  \\$a  BK
=LAS  \\$a11131$b40$c20130322$lBLL01$h0913
=SID  \\$aZ39$bLOC

