=LDR  01442 am a2200421 a 4500
=001  016188054
=003  Uk
=005  20130104090153.0
=008  120529s2011\\\\ag\a\\\\\b\\\\000\0\spa\d
=010  \\$a2012377539
=020  \\$a9789871444120
=035  \\$a(AR-BaFGC)0-143913/8
=040  \\$aAR-BaFGC$cAR-BaFGC$dDLC$dUk
=042  \\$aukblderived
=043  \\$as-ag---
=050  00$aAM7$b.M835 2011
=245  00$aMuseos, arte e identidad :$bartesanías en la idea de nación. /$cEduardo Rinesi, compilador.
=260  \\$aCiudad Autónoma de Buenos Aires :$bEditorial Gorla,$cc2011.
=300  \\$a140 p. :$bill. ;$c23 cm.
=336  \\$atext$2rdacontent
=337  \\$aunmediated$2rdamedia
=338  \\$avolume$2rdacarrier
=490  0\$aColección Tensiones del pensamiento
=504  \\$aIncludes bibliographical references.
=650  \0$aMuseums$xSocial aspects.
=650  \0$aMuseums$xSocial aspects$zArgentina.
=650  \0$aArt and society.
=650  \0$aMemory$xSocial aspects.
=700  1\$aRinesi, Eduardo,$d1964-
=852  41$aBritish Library$bHMNTS$jYF.2013.a.366
=856  41$3Table of contents only$uhttp://www.loc.gov/catdir/toc/gc01/9789871444120.pdf
=856  41$uhttp://core.cambeiro.com.ar/0-143913-8.pdf
=CAT  \\$a9518$b40$c20121010$lBLL01$h1617
=CAT  \\$a11002$b40$c20130104$lBLL01$h0901
=FIN  \\$aY$d20130104
=FMT  \\$a  BK
=LAS  \\$a11002$b40$c20130104$lBLL01$h0901
=SID  \\$aZ39$bLOC

