=LDR  01659 am a22003977a 4500
=001  016188070
=003  Uk
=005  20140919144842.0
=008  121031s2011\\\\ag\ab\\\\b\\\\000\0\spa\d
=010  \\$a  2012519750
=020  \\$a9789876261609
=035  \\$a(AR-BaFGC)0-164217/0
=040  \\$aAR-BaFGC$cAR-BaFGC$dDLC$dUk
=042  \\$aukblderived
=043  \\$as-bo---$as-ag---
=050  00$aF3011.C7$bS47 2011
=245  00$a"Ser boliviano" en la región metropolitana de la ciudad de Córdoba :$blocalización socio-espacial, mercado de trabajo y relaciones interculturales /$ceditora, Cynthia Pizarro ; [los autores, Cynthia Pizarro ... et al.].
=260  \\$aCórdoba, República Argentina :$bEditorial de la Universidad Católica de Córdoba,$cc2011.
=300  \\$a297 p. :$bill., maps ;$c23 cm.
=336  \\$atext$2rdacontent
=337  \\$aunmediated$2rdamedia
=338  \\$avolume$2rdacarrier
=504  \\$aIncludes bibliographical references.
=650  \0$aBolivians$zArgentina$zCórdoba Metropolitan Area$xSocial conditions.
=650  \0$aInmigrants$zArgentina$zCórdoba Metropolitan Area$xSocial conditions.
=651  \0$aCórdoba Metropolitan Area (Argentina)$xSocial conditions.
=700  1\$aPizarro, Cynthia Alejandra.
=852  41$aBritish Library$bHMNTS$jYF.2014.a.20816
=856  41$3Table of contents only$uhttp://www.loc.gov/catdir/toc/gc01/9789876261609.pdf
=856  41$uhttp://core.cambeiro.com.ar/0-164217-0.pdf
=CAT  \\$a9518$b40$c20121010$lBLL01$h1634
=CAT  \\$a11002$b40$c20140919$lBLL01$h1448
=FIN  \\$aY$d20140919
=FMT  \\$a  BK
=LAS  \\$a11002$b40$c20140919$lBLL01$h1448
=SRC  \\$aBLL02

