=LDR  01394 am a2200397 a 4500
=001  016188080
=003  Uk
=005  20130105111134.0
=008  120404s2011\\\\ag\a\\\\\b\\\\000\0\spa\d
=010  \\$a2012377253
=020  \\$a9789875745391
=035  \\$a(AR-BaFGC)0-165517/0
=040  \\$aAR-BaFGC$cAR-BaFGC$dDLC$dUk
=042  \\$aukblderived
=043  \\$acl-----
=050  00$aJL966$b.C57 2011
=245  00$aCiudadanía y legitimidad democrática en América Latina /$cIsidoro Cheresky, compilador.
=260  \\$aCiudad Autónoma de Buenos Aires :$bPrometeo Libros :$bCLACSO,$cc2011.
=300  \\$a444 p. :$bill. ;$c22 cm.
=336  \\$atext$2rdacontent
=337  \\$aunmediated$2rdamedia
=338  \\$avolume$2rdacarrier
=504  \\$aIncludes bibliographical references.
=650  \0$aDemocracy$zLatin America.
=650  \0$aPolitical participation$zLatin America.
=651  \0$aLatin America$xPolitics and government$y21st century.
=700  1\$aCheresky, Isidoro.
=852  41$aBritish Library$bHMNTS$jYF.2013.a.403
=856  41$3Table of contents only$uhttp://www.loc.gov/catdir/toc/gc01/9789875745391.pdf
=856  41$uhttp://core.cambeiro.com.ar/0-165517-0.pdf
=CAT  \\$a9518$b40$c20121010$lBLL01$h1649
=CAT  \\$a11002$b40$c20130105$lBLL01$h1111
=FIN  \\$aY$d20130105
=FMT  \\$a  BK
=LAS  \\$a11002$b40$c20130105$lBLL01$h1111
=SID  \\$aZ39$bLOC

