=LDR  01640 am a22004214a 4500
=001  016188094
=003  Uk
=005  20121127112845.0
=008  100825s2010\\\\ag\ab\\\\b\\\\000\0\spa\d
=010  \\$a2010423838
=020  \\$a9789870242901
=035  \\$a(AR-BaFGC)0-157816/0
=040  \\$aAR-BaFGC$cAR-BaFGC$dDLC$dUk
=042  \\$aukblderived
=043  \\$as-ag---
=050  00$aF2971$b.B67 2010
=100  1\$aBorrero, Luis Alberto.
=245  10$aArqueología de Pali Aike y Cabo Vírgenes :$bSanta Cruz, Argentina /$cLuis A. Borrero, Judith Charlin.
=260  \\$aBuenos Aires :$bConsejo Nacional de Investigaciones Científicas y Técnicas, CONICET, Instituto Multidisciplinario de Historia y Ciencias Humanas, IMHICIHU,$c2010.
=300  \\$a145 p. :$bill., maps ;$c23 cm.
=336  \\$atext$2rdacontent
=337  \\$aunmediated$2rdamedia
=338  \\$avolume$2rdacarrier
=504  \\$aIncludes bibliographical references.
=650  \0$aPrehistoric peoples$zArgentina$zPali Aike Volcanic Field.
=650  \0$aPrehistoric peoples$zArgentina$zVirgins, Cape.
=651  \0$aPali Aike Volcanic Field (Argentina)$xAntiquities.
=651  \0$aVirgins, Cape (Argentina)$xAntiquities.
=700  1\$aCharlin, Judith E.
=852  41$aBritish Library$bHMNTS$jYF.2012.a.33192
=856  41$3Table of contents only$uhttp://www.loc.gov/catdir/toc/gc01/9789870242901.pdf
=856  41$uhttp://core.cambeiro.com.ar/0-157816-0.pdf
=CAT  \\$a9518$b40$c20121010$lBLL01$h1704
=CAT  \\$a11131$b40$c20121127$lBLL01$h1128
=FIN  \\$aY$d20121127
=FMT  \\$a  BK
=LAS  \\$a11131$b40$c20121127$lBLL01$h1128
=SID  \\$aZ39$bLOC

