=LDR  01624 am a2200421 a 4500
=001  016193613
=003  Uk
=005  20130104160556.0
=008  101006s2010\\\\ag\a\\\\\b\\\\000\0\spa\d
=010  \\$a2010504082
=020  \\$a9789872583408 (pbk.)
=035  \\$a(AR-BaFGC)0-159745/0
=040  \\$aAR-BaFGC$beng$cAR-BaFGC$dDLC$dUk
=042  \\$aukblsr
=043  \\$as-ag---
=050  00$aKHA2500$b.J86 2010
=245  03$aLa justicia y las formas de la autoridad :$borganización política y justicias locales en territorios de frontera, el Río de la Plata, Córdoba y el Tucumán, siglos XVIII y XIX /$cDarío Barriera, coordinador.
=260  \\$aRosario :$bISHIR CONICET,$c2010.
=300  \\$a307 p. :$bill. ;$c23 cm.
=336  \\$atext$2rdacontent
=337  \\$aunmediated$2rdamedia
=338  \\$avolume$2rdacarrier
=504  \\$aIncludes bibliographical references.
=650  \0$aJustice, Administration of$xHistory$zArgentina$y19th century.
=650  \0$aJustice, Administration of$xHistory$zArgentina$y18th century.
=700  1\$aBarriera, Darío G.
=710  2\$aISHIR-CONICET (Research institute)
=852  41$aBritish Library$bHMNTS$jYF.2013.a.496
=856  41$3Table of contents only$uhttp://www.loc.gov/catdir/toc/gc01/9789872583408.pdf
=856  41$uhttp://core.cambeiro.com.ar/0-159745-0.pdf
=CAT  \\$a3563$b40$c20121019$lBLL01$h1111
=CAT  \\$a7483$b40$c20121030$lBLL01$h0918
=CAT  \\$a7483$b40$c20121031$lBLL01$h1048
=CAT  \\$a6470$b40$c20130104$lBLL01$h1605
=FIN  \\$aY$d20121030
=FMT  \\$a  BK
=LAS  \\$a6470$b40$c20130104$lBLL01$h1605
=SID  \\$aZ39$bLOC

