=LDR  03912 am a22004577a 4500
=001  016239839
=003  Uk
=005  20150522142717.0
=008  120702s2012\\\\ag\a\\\\\b\\\\000\0\spa\d
=010  \\$a  2012377708
=020  \\$a9789872640323
=020  \\$a9872640327
=035  \\$a(OCoLC)854557846$z(OCoLC)812139462
=040  \\$aAR-BaFGC$beng$cDLC$dNOC$dOCLCF$dOCLCO$dUk
=042  \\$aukblderived
=043  \\$acl-----
=050  00$aPN1993.7$b.T47 2012
=245  00$aTerritorios audiovisuales :$bcine, video, televisión, documental, instalación, nuevas tecnologías, paisajes mediáticos /$cJorge La Ferla, Sofía Reynal, compiladores ; [autores, Rocío Agra ... et al.].
=260  \\$a[Buenos Aires?] :$bMaestría en Diseño Comunicacional ;$a[Caseros?] :$bUniversidad Nacional de Tres de Febrero ;$aBuenos Aires :$bUniversidad del Cine :$bLibraria Ediciones,$cc2012.
=300  \\$a447 p. :$bill. ;$c24 cm.
=336  \\$atext$2rdacontent
=337  \\$aunmediated$2rdamedia
=338  \\$avolume$2rdacarrier
=504  \\$aIncludes bibliographical references.
=505  0\$aPrólogo / Jorge La Ferla, Sofía Reynal -- Dispositivo cinematográfico y narración: apuntes sobre una divergencia / Gustavo Galuppo -- Las virtualidades de la imagen panorámica / André Parente -- Cine: una puesta en otra escena: quince años después / Eduardo A. Russo -- Fotografía y cine: máquina y espectáculo / Sebastián Schjaer -- El Group Goethe: epicentro del cine experimental argentino / Andrés Denegri -- La imagen directa del dispositivo televisivo / Ariel Nahón -- Sobre la televisión: aparato y formas culturales: por un repertorio notable de programas de la TV argentina / Jorge La Ferla -- Video, el cine por otros medios / Gustavo Galuppo -- Faustine y el animador de dinosaurios: reflexiones sobre la imagen sintética, la animación por computadora y la historia del espectáculo audiovisual / Marcelo Dematei -- La poética de los tiempos muertos: diálogos entre el cine y los videólogos / Renata Gomes -- Arte y redes: historias de retroalimentación / Rocío Agra -- Instalaciones: el espacio resemantizado / Ana Claudia García -- La historia en (las) imágenes: archivo, memoria, video / Mariela Cantú -- Memorias audiovisuales: praxis de archivos / Jorge La Ferla -- Acerca del diseño audiovisual: una forma de pensamiento / Eliana Kim y Mariel Szlifmann -- La indeterminación / Emilio Bernini -- Un cine menor / Raquel Schefer -- Actos de ver: la función documental / Yamila Volnovich -- Robert Kramer, Jean-Luis Comolli, sujetos miltantes / Gabriel Boschi -- Robert Kramer: técnica, pasión e ideología / Jorge La Ferla -- La ciudad filmada / Jean-Louis Comolli -- La lírica urbana en Baudelaire / Juan Carlos Orejudo Pedrosa -- Comunicación móvil y nuevo sentido de los lugares: una crítica sobre la espacialización en la cibercultura / André Lemos.
=520  \\$a"Territorios audiovisuales se presenta así como la continuación de un trabajo académico de más de dos décadas que propone una reflexión sobre la escena del audiovisual en América Latina y la pŕactica de su enseñanza."--Page 6.
=650  \0$aMotion pictures$xStudy and teaching.
=650  \0$aAudio-visual materials.
=650  \7$aAudio-visual materials.$2fast$0(OCoLC)fst00821067
=650  \7$aMotion pictures$xStudy and teaching.$2fast$0(OCoLC)fst01027392
=700  1\$aLa Ferla, Jorge.
=700  1\$aReynal, Sofía.
=852  41$aBritish Library$bHMNTS$jYF.2015.a.10501
=856  41$uhttp://core.cambeiro.com.ar/0-166012-0.pdf
=856  41$3Table of contents only$uhttp://catdir.loc.gov/catdir/toc/gc01/9789872640323.pdf
=CAT  \\$a9518$b40$c20130102$lBLL01$h1339
=CAT  \\$a11002$b40$c20150522$lBLL01$h1427
=FIN  \\$aY$d20150522
=FMT  \\$a  BK
=LAS  \\$a11002$b40$c20150522$lBLL01$h1427
=SID  \\$aZ39$bOCLC

