=LDR  01591 am a22004217a 4500
=001  016240570
=003  Uk
=005  20140901122841.0
=008  121001s2012\\\\ag\ab\\\\b\\\\000\0\spa\d
=010  \\$a  2012519394
=020  \\$a9789871620821
=035  \\$a(AR-BaFGC)0-166557/0
=040  \\$aAR-BaFGC$cAR-BaFGC$dDLC$dUk
=042  \\$aukblderived
=043  \\$acl-----
=050  00$aBL2540$b.T47 2012
=245  00$aTerritorios culturales y prácticas religiosas :$bnuevos escenarios en América Latina /$cSilvia Santarelli, Marta Campos, coordinadoras.
=260  \\$aBahía Blanca, Argentina :$bEditorial de la Universidad Nacional del Sur, EdiUNS,$cc2012.
=300  \\$a362 p. :$bill., maps. ;$c22 cm.
=336  \\$atext$2rdacontent
=337  \\$aunmediated$2rdamedia
=338  \\$avolume$2rdacarrier
=504  \\$aIncludes bibliographical references.
=650  \0$aPopular culture$xReligious aspects$zLatin America.
=650  \0$aReligion and geography$zLatin America.
=651  \0$aLatin America$xReligious life and customs.
=700  1\$aSantarelli, Silvia.
=700  1\$aCampos, Marta.
=710  2\$aRed Cultura, Territorios y Prácticas Religiosas (Argentina)
=852  41$aBritish Library$bHMNTS$jYF.2014.a.19266
=856  41$uhttp://core.cambeiro.com.ar/0-166557-0.pdf
=856  41$3Table of contents only$uhttp://www.loc.gov/catdir/toc/gc01/9789871620821.pdf
=CAT  \\$a9518$b40$c20130103$lBLL01$h1416
=CAT  \\$a11131$b40$c20140901$lBLL01$h1228
=FIN  \\$aY$d20140901
=FMT  \\$a  BK
=LAS  \\$a11131$b40$c20140901$lBLL01$h1228
=SRC  \\$aBLL02

