=LDR  01556 am a2200409 a 4500
=001  016240620
=003  Uk
=005  20130725103224.0
=008  110906s2011\\\\ag\ab\\\\b\\\\000\0\spa\d
=010  \\$a  2011438480
=020  \\$a9789870599005
=035  \\$a(AR-BaFGC)0-162058/0
=040  \\$aAR-BaFGC$cAR-BaFGC$dDLC$dUk
=042  \\$aukblcatcopy
=043  \\$as-ag---
=050  00$aHD1862$b.P723 2011
=245  03$aLa problemática contemporánea del agro argentino :$buna perspectiva multimodal /$cFrancisco Casiello ... [et al.].
=260  \\$a[Rosario, Argentina? :$bs.n.,$c2011]$e(Rosario, Argentina :$fTalleres Gráficos Fervil)
=300  \\$a221 pages :$billustrations, maps ;$c22 cm
=336  \\$atext$2rdacontent
=337  \\$aunmediated$2rdamedia
=338  \\$avolume$2rdacarrier
=500  \\$a"Universidad Católica Argentina"--Cover.
=504  \\$aIncludes bibliographical references.
=650  \0$aAgriculture$xEconomic aspects$zArgentina.
=650  \0$aAgriculture$xSocial aspects$zArgentina.
=700  1\$aCasiello, Francisco.
=710  2\$aPontificia Universidad Católica Argentina Santa María de los Buenos Aires.
=852  41$aBritish Library$bHMNTS$jYF.2013.a.13604
=856  41$3Table of contents only$uhttp://www.loc.gov/catdir/toc/gc01/9789870599005.pdf
=856  41$uhttp://core.cambeiro.com.ar/0-162058-0.pdf
=CAT  \\$a9518$b40$c20130103$lBLL01$h1443
=CAT  \\$a5703$b40$c20130725$lBLL01$h1032
=FIN  \\$aY$d20130725
=FMT  \\$a  BK
=LAS  \\$a5703$b40$c20130725$lBLL01$h1032
=SRC  \\$aBLL02

