=LDR  01533 am a22004217a 4500
=001  016250530
=003  Uk
=005  20150707103336.0
=008  110804s2011\\\\ag\ab\\\\b\\\\000\0\spa\d
=010  \\$a  2011438335
=020  \\$a9789871304851
=035  \\$a(AR-BaFGC)0-162799/3
=040  \\$aAR-BaFGC$cAR-BaFGC$dDLC$dUk
=042  \\$aukblderived
=043  \\$as-ag---
=050  00$aHC180.W4$bM37 2011
=245  03$aEl mapa de la desigualdad en la Argentina del siglo XIX /$cJorge Gelman, coordinador ; [escriben en este libro Beatriz Bragoni ... et al.].
=260  \\$aRosario :$bProhistoria Ediciones,$c2011.
=300  \\$a405 p. :$bill., maps ;$c23 cm.
=336  \\$atext$2rdacontent
=337  \\$aunmediated$2rdamedia
=338  \\$avolume$2rdacarrier
=490  0\$aColección Universidad ;$v3
=504  \\$aIncludes bibliographical references (p. [371]-402).
=650  \0$aWealth$xArgentina$xHistory$y19th century.
=650  \0$aEquality$zArgentina$xHistory$y19th century.
=651  \0$aArgentina$xSocial conditions$y19th century.
=700  1\$aGelman, Jorge.
=852  41$aBritish Library$bHMNTS$jYF.2015.a.13015
=856  41$3Table of contents only$uhttp://www.loc.gov/catdir/toc/gc01/9789871304851.pdf
=856  41$uhttp://core.cambeiro.com.ar/0-162799-3.pdf
=CAT  \\$a8157$b40$c20130114$lBLL01$h1353
=CAT  \\$a10904$b40$c20150707$lBLL01$h1032
=CAT  \\$a10904$b40$c20150707$lBLL01$h1033
=FIN  \\$aY$d20150707
=FMT  \\$a  BK
=LAS  \\$a10904$b40$c20150707$lBLL01$h1033
=SRC  \\$aBLL02

