=LDR  01608 am a2200445 i 4500
=001  016259445
=003  Uk
=005  20150714133337.0
=008  131226s2012\\\\ag\\\\\\\b\\\\000\0\spa\d
=010  \\$a  2012516425
=020  \\$a9789872720018
=020  \\$a9872720010
=020  \\$z9789872700018
=035  \\$a(OCoLC)876045294
=040  \\$aAR-BaFGC$beng$cDLC$dCGU$dOCLCF$dOCLCO$dUk$erda
=042  \\$aukblderived
=043  \\$alsfk---$as-ag---$ae-uk---
=050  00$aF3031$b.M175 2012
=245  00$aMalvinas, crónicas de cinco siglos /$cintroducción, comentarios y selección de textos de Alejandro Winograd.
=250  \\$a1a edición.
=264  \1$aBuenos Aires :$bEdiciones Winograd,$c2012.
=300  \\$a350 pages ;$c20 cm
=336  \\$atext$2rdacontent
=337  \\$aunmediated$2rdamedia
=338  \\$avolume$2rdacarrier
=504  \\$aIncludes bibliographical references.
=651  \0$aFalkland Islands$xDescription and travel.
=651  \0$aFalkland Islands$xHistory.
=651  \7$aSouth Orkney Islands$zFalkland Islands.$2fast$0(OCoLC)fst01207314
=655  \7$aHistory.$2fast$0(OCoLC)fst01411628
=700  1\$aWinograd, Alejandro,$d1958-$eeditor of compilation.
=852  41$aBritish Library$bHMNTS$jYF.2015.a.13618
=856  41$uhttp://core.cambeiro.com.ar/0-168979-0.pdf
=856  41$3Table of contents only$uhttp://catdir.loc.gov/catdir/toc/gc01/9789872700018.pdf
=CAT  \\$a9701$b40$c20130125$lBLL01$h1341
=CAT  \\$a11131$b40$c20150714$lBLL01$h1333
=FIN  \\$aY$d20150714
=FMT  \\$a  BK
=LAS  \\$a11131$b40$c20150714$lBLL01$h1333
=SID  \\$aZ39$bOCLC

