=LDR  01782 am a2200433 a 4500
=001  016415328
=003  Uk
=005  20130829133834.0
=008  100405s2008\\\\ag\ab\\\\b\\\\000\0\spa\d
=010  \\$a  2010423054
=020  \\$a9789879966266
=035  \\$a(AR-BaFGC)0-156931/0
=040  \\$aAR-BaFGC$cAR-BaFGC$dDLC$dUk
=042  \\$aukblderived
=043  \\$as------
=050  00$aHN257$b.T75 2008
=245  00$aTriple frontera :$bresistencias populares a la recolonización del continente /$cCentro de Investigación y Formación de los Movimientos Sociales Latinoamericanos ; [coordinación del proyecto en Triple frontera: Silvia Bignami y Claudia Korol].
=260  \\$a[Buenos Aires] :$bAmérica Libre ;$a[Berlin] :$bRLS, Rosa-Luxemburg-Stiftung,$c[2008]
=300  \\$a330 p. :$bill., maps ;$c20 cm.
=336  \\$atext$2rdacontent
=337  \\$aunmediated$2rdamedia
=338  \\$avolume$2rdacarrier
=504  \\$aIncludes bibliographical references.
=650  \0$aSocial movements$zSouthern Cone of South America.
=650  \0$aNatural resources$zSouthern Cone of South America.
=650  \0$aLatin Americans$vInterviews.
=651  \0$aSouthern Cone of South America$xSocial conditions.
=700  1\$aBignami, Silvia.
=700  1\$aKorol, Claudia.
=710  2\$aCentro de Investigación y Formación de los Movimientos Sociales Latinoamericanos.
=852  41$aBritish Library$bHMNTS$jYF.2013.a.16564
=856  41$uhttp://core.cambeiro.com.ar/0-156931-0.pdf
=856  41$3Table of contents only$uhttp://www.loc.gov/catdir/toc/gc01/9789879966266.pdf
=CAT  \\$a8157$b40$c20130520$lBLL01$h1515
=CAT  \\$a11002$b40$c20130829$lBLL01$h1338
=FIN  \\$aY$d20130829
=FMT  \\$a  BK
=LAS  \\$a11002$b40$c20130829$lBLL01$h1338
=SRC  \\$aBLL02

