=LDR  01625 am a2200445 a 4500
=001  016415606
=003  Uk
=005  20130925132442.0
=008  110720s2011\\\\ag\a\\\\\b\\\\000\0\spa\d
=010  \\$a  2011438295
=020  \\$a9789871294374
=035  \\$a(AR-BaFGC)0-158800/3
=040  \\$aAR-BaFGC$cAR-BaFGC$dDLC$dUk
=042  \\$aukblderived
=043  \\$as-ag---
=050  00$aHD9999.C9473$bA7515 2010
=245  00$a01 10 :$bcreatividad, economía y cultura en la ciudad de Buenos Aires 2001-2010 /$cLucas Rubinich + Paula Miguel editores ; Martín Azar ... [et al.].
=246  3\$aCero uno diez
=246  30$aCreatividad, economía y cultura en la ciudad de Buenos Aires, 2001-2010
=250  \\$a1. ed.
=260  \\$a[Ciudad de Buenos Aires?] :$bAurelia Rivera Libros,$cc2011.
=300  \\$a250 p. :$bill. ;$c20 cm.
=336  \\$atext$2rdacontent
=337  \\$aunmediated$2rdamedia
=338  \\$avolume$2rdacarrier
=490  0\$aEstudio social
=504  \\$aIncludes bibliographical references.
=650  \0$aCultural industries$zArgentina$zBuenos Aires.
=650  \0$aCreative ability$xEconomic aspects$zArgentina$zBuenos Aires.
=700  1\$aMiguel, Paula.
=700  1\$aRubinich, Lucas.
=852  41$aBritish Library$bHMNTS$jYF.2013.a.18402
=856  41$3Table of contents only$uhttp://www.loc.gov/catdir/toc/gc01/9789871294374.pdf
=856  41$uhttp://core.cambeiro.com.ar/0-158800-3.pdf
=CAT  \\$a6503$b40$c20130521$lBLL01$h1102
=CAT  \\$a11002$b40$c20130925$lBLL01$h1324
=FIN  \\$aY$d20130925
=FMT  \\$a  BK
=LAS  \\$a11002$b40$c20130925$lBLL01$h1324
=SRC  \\$aBLL02

