=LDR  01747 am a2200445 a 4500
=001  016415614
=003  Uk
=005  20130902083827.0
=008  120330s2011\\\\ag\a\\\\\b\\\f100\0\spa\d
=010  \\$a  2012377254
=020  \\$a9789871172764
=035  \\$a(AR-BaFGC)0-164104/0
=040  \\$aAR-BaFGC$cAR-BaFGC$dDLC$dUk
=042  \\$aukblcatcopy
=050  00$aHV640$b.C6224 2010
=111  2\$aConferencia Internacional "Políticas del Exilio"$n(1st :$d2010 :$cBuenos Aires, Argentina)
=245  10$aPolíticas del exilio :$borígenes y vigencia de un concepto /$cMarcelo G. Burello, Fabián Ludueña Romandini, Emmanuel Taub, editores.
=250  \\$a1. ed.
=260  \\$a[Buenos Aires?] :$bAgencia Nacional de Promoción Científica y Tecnológica ;$a[Caseros, Argentina?] :$bEditorial de la Universidad Nacional de Tres de Febrero,$c2011.
=300  \\$a327 pages :$billustrations ;$c23 cm
=336  \\$atext$2rdacontent
=337  \\$aunmediated$2rdamedia
=338  \\$avolume$2rdacarrier
=504  \\$aIncludes bibliographical references.
=650  \0$aRefugees$vCongresses.
=650  \0$aExiles$vCongresses.
=650  \0$aDeportation$vCongresses.
=650  \0$aJewish diaspora$vCongresses.
=700  1\$aBurello, Marcelo G.
=700  1\$aLudueña Romandini, Fabián Javier.
=700  1\$aTaub, Emmanuel,$d1980-
=852  41$aBritish Library$bHMNTS$jYF.2013.a.16575
=856  41$uhttp://core.cambeiro.com.ar/0-164104-0.pdf
=856  41$3Table of contents only$uhttp://www.loc.gov/catdir/toc/gc01/9789871172764.pdf
=CAT  \\$a6503$b40$c20130521$lBLL01$h1109
=CAT  \\$a5703$b40$c20130902$lBLL01$h0838
=FIN  \\$aY$d20130902
=FMT  \\$a  BK
=LAS  \\$a5703$b40$c20130902$lBLL01$h0838
=SRC  \\$aBLL02

