=LDR  01400 am a2200409 a 4500
=001  016415650
=003  Uk
=005  20130829133242.0
=008  120417s2011\\\\ag\a\\\\\b\\\\000\0\spa\d
=010  \\$a  2012377332
=020  \\$a9789871709137
=035  \\$a(AR-BaFGC)0-164528/0
=040  \\$aAR-BaFGC$cAR-BaFGC$dDLC$dUk
=042  \\$aukblderived
=043  \\$as-ag---
=050  00$aHD5858.A7$bT73 2011
=245  00$aTrabajos, cuerpos y riesgos /$cMarta Panaia, [coordinadora] ; Juan Pablo Hudson ... [et al.].
=250  \\$a1o ed.
=260  \\$aBuenos Aires :$bEdiciones Luxemburg,$c2011.
=300  \\$a291 p. :$bill. ;$c23 cm.
=336  \\$atext$2rdacontent
=337  \\$aunmediated$2rdamedia
=338  \\$avolume$2rdacarrier
=504  \\$aIncludes bibliographical references.
=650  \0$aPrecarious employment$zArgentina.
=650  \0$aPrecarious employment$xHealth aspects$zArgentina.
=650  \0$aManagement$xEmployee participation$zArgentina.
=700  1\$aPanaia, Marta.
=852  41$aBritish Library$bHMNTS$jYF.2013.a.16565
=856  41$uhttp://core.cambeiro.com.ar/0-164528-0.pdf
=856  41$3Table of contents only$uhttp://www.loc.gov/catdir/toc/gc01/9789871709137.pdf
=CAT  \\$a6503$b40$c20130521$lBLL01$h1134
=CAT  \\$a11002$b40$c20130829$lBLL01$h1332
=FIN  \\$aY$d20130829
=FMT  \\$a  BK
=LAS  \\$a11002$b40$c20130829$lBLL01$h1332
=SRC  \\$aBLL02

