=LDR  01657 am a2200409 a 4500
=001  016415655
=003  Uk
=005  20150626082214.0
=008  120517s2012\\\\ag\ab\\\\b\\\f000\0\spa\d
=010  \\$a  2012377438
=020  \\$a9789871599882
=035  \\$a(AR-BaFGC)0-164811/7
=040  \\$aAR-BaFGC$cAR-BaFGC$dDLC$dUk
=042  \\$aukblcatcopy
=043  \\$as-ag---
=050  00$aHD1696.A74$bB842 2012
=245  00$aAgua y territorio :$bfragmentación y complejidad en la gestión del recurso hídrico en la Región Metropolitana de Buenos Aires /$cMaría Di Pace, Andrés Barsky, directores.
=260  \\$a[Buenos Aires?] :$bEdiciones CICCUS ;$aLos Polvorines, Prov. de Buenos Aires, Argentina :$bUniversidad Nacional de General Sarmiento,$cc2012.
=300  \\$a379 p. :$bill., maps ;$c22 cm.
=336  \\$atext$2rdacontent
=337  \\$aunmediated$2rdamedia
=338  \\$avolume$2rdacarrier
=490  0\$aColección Cuestiones metropolitanas
=504  \\$aIncludes bibliographical references.
=650  \0$aWater resources development$zArgentina$zBuenos Aires Metropolitan Area.
=650  \0$aWater-supply$zArgentina$zBuenos Aires Metropolitan Area$xManagement.
=700  1\$aDi Pace, María.
=700  1\$aBarsky, Andrés.
=852  41$aBritish Library$bHMNTS$jYF.2015.a.12462
=856  41$3Table of contents only$uhttp://www.loc.gov/catdir/toc/gc01/9789871599882.pdf
=856  41$uhttp://core.cambeiro.com.ar/0-164811-7.pdf
=CAT  \\$a6503$b40$c20130521$lBLL01$h1146
=CAT  \\$a11002$b40$c20150626$lBLL01$h0822
=FIN  \\$aY$d20150626
=FMT  \\$a  BK
=LAS  \\$a11002$b40$c20150626$lBLL01$h0822
=SRC  \\$aBLL02

