=LDR  01481 am a2200421 a 4500
=001  016415662
=003  Uk
=005  20130926105116.0
=008  120514s2012\\\\ag\\\\\\\b\\\\000\0\spa\d
=010  \\$a  2012377424
=020  \\$a9789507869785
=035  \\$a(AR-BaFGC)0-155719/33
=040  \\$aAR-BaFGC$cAR-BaFGC$dDLC$dUk
=042  \\$aukblderived
=043  \\$as-cl---
=050  00$aHD5356.A6$bC66 2012
=245  04$aLos conflictos sociales en el Chile del siglo XXI :$bnuevas expresiones de la lucha de clases /$cMirtha Lischetti, coordinadora ; Daniel Cueva ... [et al].
=260  \\$aBuenos Aires :$bEditorial Biblos,$cc2012.
=300  \\$a180 p. ;$c20 cm.
=336  \\$atext$2rdacontent
=337  \\$aunmediated$2rdamedia
=338  \\$avolume$2rdacarrier
=490  0\$aInvestigaciones y ensayos
=504  \\$aIncludes bibliographical references.
=650  \0$aLabor disputes$zChile.
=650  \0$aCopper miners$xPolitical activity$zChile.
=650  \0$aSocial conflict$zChile.
=651  \0$aChile$xSocial conditions$y1970-
=700  1\$aLischetti, Mirtha.
=852  41$aBritish Library$bHMNTS$jYF.2013.a.18583
=856  41$3Table of contents only$uhttp://www.loc.gov/catdir/toc/gc01/9789507869785.pdf
=856  41$uhttp://core.cambeiro.com.ar/0-155719-33.pdf
=CAT  \\$a6503$b40$c20130521$lBLL01$h1155
=CAT  \\$a5512$b40$c20130926$lBLL01$h1051
=FIN  \\$aY$d20130926
=FMT  \\$a  BK
=LAS  \\$a5512$b40$c20130926$lBLL01$h1051
=SRC  \\$aBLL02

