=LDR  01718 am a2200481 a 4500
=001  016415674
=003  Uk
=005  20131107115418.0
=008  120405s2012\\\\ag\a\\\\\b\\\\000\0\spa\d
=010  \\$a  2012377270
=020  \\$a9789871543854
=020  \\$a9871543859
=020  \\$a9789871543878 (pbk.)
=020  \\$a9871543875 (pbk.)
=035  \\$a(OCoLC)811142606$z(OCoLC)800333274
=040  \\$aAR-BaFGC$beng$cDLC$dCGU$dOCLCO$dN15$dNOC$dOCLCO$dUk
=042  \\$aukblcatcopy
=043  \\$acl-----
=050  00$aHC130.P6$bR46 2012
=245  04$aLas relaciones internacionales de la pobreza en América Latina y el Caribe /$cAna Gabriela Contreras García ... [et al.] ; presentación, Alberto D. Cimadore.
=250  \\$a1. ed. en español.
=260  \\$aCiudad de Buenos Aires :$bCLACSO,$c2012.
=300  \\$a396 pages :$billustrations ;$c23 cm.
=336  \\$atext$2rdacontent
=337  \\$aunmediated$2rdamedia
=338  \\$avolume$2rdacarrier
=490  1\$aCLACSO-CROP
=504  \\$aIncludes bibliographical references.
=650  \0$aPoverty$zLatin America.
=650  \0$aPoor$zLatin America.
=650  \0$aEconomic assistance$zLatin America.
=651  \0$aLatin America$xSocial policy.
=700  1\$aContreras García, Ana Gabriela.
=830  \0$aColección CLACSO-CROP.
=852  41$aBritish Library$bHMNTS$jYF.2013.a.22185
=856  41$uhttp://core.cambeiro.com.ar/0-132928-26.pdf
=856  41$3Table of contents only$uhttp://catdir.loc.gov/catdir/toc/gc01/9789871543854.pdf
=CAT  \\$a6503$b40$c20130521$lBLL01$h1208
=CAT  \\$a5703$b40$c20131107$lBLL01$h1154
=FIN  \\$aY$d20131107
=FMT  \\$a  BK
=LAS  \\$a5703$b40$c20131107$lBLL01$h1154
=SID  \\$aZ39$bOCLC

