=LDR  01694 am a2200457 a 4500
=001  016417585
=003  Uk
=005  20131107112957.0
=008  110623s2010\\\\ag\a\\\\\b\\\\000\0\spa\d
=010  \\$a  2011438193
=020  \\$a9789508952615
=020  \\$a950895261X
=020  \\$a9789871495153
=020  \\$a9871495153
=035  \\$a(OCoLC)759500054
=040  \\$aAR-BaFGC$beng$cDLC$dMNU$dUk
=042  \\$aukblcatcopy
=043  \\$as------
=050  00$aJV6347$b.C36 2010
=245  00$aCaminos de ilusión :$bfeminización de las migraciones en cuatro países de América Latina /$cCecilia Lipszyc, directora regional ; Cecilia Lipszyc, Cristina Zurutuza, compiladoras.
=250  \\$a1. ed.
=260  \\$aCiudad Autónoma de Buenos Aires :$bLibrería de Mujeres Editoras,$cc2010$g(2011 printing)
=300  \\$a467 pages :$billustrations ;$c23 cm
=336  \\$atext$2rdacontent
=337  \\$aunmediated$2rdamedia
=338  \\$avolume$2rdacarrier
=504  \\$aIncludes bibliographical references.
=650  \0$aWomen immigrants$zSouth America$xSocial conditions.
=650  \0$aWomen immigrants$zSouth America$xEconomic conditions.
=651  \0$aSouth America$xEmigration and immigration.
=700  1\$aLipszyc, Cecilia.
=700  1\$aZurutuza, Cristina.
=852  41$aBritish Library$bHMNTS$jYF.2013.a.22200
=856  41$3Table of contents only$uhttp://catdir.loc.gov/catdir/toc/gc01/9789508952615.pdf
=856  41$uhttp://core.cambeiro.com.ar/0-152997-0.pdf
=CAT  \\$a9518$b40$c20130524$lBLL01$h1330
=CAT  \\$a5703$b40$c20131107$lBLL01$h1129
=FIN  \\$aY$d20131107
=FMT  \\$a  BK
=LAS  \\$a5703$b40$c20131107$lBLL01$h1129
=SID  \\$aZ39$bOCLC

