=LDR  01491 am a2200409 a 4500
=001  016417642
=003  Uk
=005  20130925143048.0
=008  110804s2011\\\\ag\\\\\\\b\\\\000\0\spa\d
=010  \\$a  2011438334
=020  \\$a9789872454937
=035  \\$a(AR-BaFGC)0-163253/0
=040  \\$aAR-BaFGC$cAR-BaFGC$dDLC$dUk
=042  \\$aukblcatcopy
=043  \\$as-ag---
=050  00$aF2847.Z43$bS37 2011
=245  00$aScribere est agere :$bEstanislao Zeballos en la vorágine de la modernidad argentina /$cSandra Fernández, Fernando Navarro, coordinadores.
=260  \\$aRosario [Argentina] :$bLa Quinta Pata & Camino Ediciones,$c2011.
=300  \\$a321 pages ;$c23 cm
=336  \\$atext$2rdacontent
=337  \\$aunmediated$2rdamedia
=338  \\$avolume$2rdacarrier
=504  \\$aIncludes bibliographical references.
=600  10$aZeballos, Estanislao Severo,$d1854-1923.
=651  \0$aArgentina$xPolitics and government$y1860-1910.
=700  1\$aFernández, Sandra$q(Sandra R.).
=700  1\$aNavarro, Fernando.
=852  41$aBritish Library$bHMNTS$jYF.2013.a.18300
=856  41$3Table of contents only$uhttp://www.loc.gov/catdir/toc/gc01/9789872454937.pdf
=856  41$uhttp://core.cambeiro.com.ar/0-163253-0.pdf
=CAT  \\$a9518$b40$c20130524$lBLL01$h1430
=CAT  \\$a5703$b40$c20130925$lBLL01$h1430
=CAT  \\$aBATCH-UPD$b40$c20190114$lBLL01$h2019
=FIN  \\$aY$d20130925
=FMT  \\$a  BK
=LAS  \\$aBATCH-UPD$b40$c20190114$lBLL01$h2019
=SRC  \\$aBLL02

