=LDR  05966cam a2200553 i 4500
=001  016456776
=003  Uk
=005  20150513141608.0
=008  131216s2013\\\\ag\a\\\\\b\\\\000\0\spa\d
=010  \\$a  2012516205
=020  \\$a9789871677825
=020  \\$a9871677820
=035  \\$a(OCoLC)865078121
=040  \\$aAR-BaFGC$beng$cDLC$dNOC$dOCLCO$dOCLCF$dUk$erda
=042  \\$aukblderived
=043  \\$alsfk---$as-ag---
=050  00$aF3031.5$b.M347 2013
=245  00$aMalvinización y desmentirización :$bun aporte económico, político y cultural en el marco de la patria grande /$cOscar Abudara Bini, Domingo Dellepiane, Edgardo Arrivillaga, Martín Almada, Eduardo Benedetti, Estela Caldarone, Pedro Luis Cazes Camarero, Fernando Del Corro, Eduardo Domínguez Marín, Román von Eckstein, Juan Carlos Espeche Gil, José Luis Fernández Valoni, Luis Giménez, Marcelo Gullo, Ana Jaramillo, Norberto Karasiewicz, Enrique Manson, José Luis Méndez Méndez, Walter Moore, Jorge Rachid, Jorge Reyes, Sergio Rodríguez Gelfenstein, Ricardo Sarmiento, Oscar Taffetani, Miguel Ángel Trinidad.
=264  \1$a[Buenos Aires?] :$bEdiciones Fabro,$c2013.
=300  \\$a403 pages :$billustrations ;$c22 cm
=336  \\$atext$2rdacontent
=337  \\$aunmediated$2rdamedia
=338  \\$avolume$2rdacarrier
=504  \\$aIncludes bibliographical references.
=505  00$tDemos una oportunidad a la paz / Juliád Domínguez -- Fuerzas Armadas y pueblos unidos por la recuperación La Guerra de las Malvinas: ensayo de revisionismo histórico / Oscar Abudara Bini y Domingo Dellepiane -- También hijos de paraguayos combatieron en 1982: hacer del Nunca Más una ley universal: las Malvinas son argentinas / Martín Almada -- Una corte marcial amenaza las infidencias: porqué las bajas británicas no se conocerán hasta el 14 de junio de 2072 / Edgardo Arrivillaga -- Hacia el desarrollo y la integración regional: construir la nación para recuperar las Islas Malvinas e Islas del Atlántico Sur / Eduardo Benedetti -- Las Malvinas son argentinas, dicen The Wolfe Tones: sojuzgados en el Reino Unido y su música prohibida por los ingleses, son nuestros amigos / Estela Caldarone -- Hubo guerrilleros presos que quisieron ir a Malvinas: historias de la prisión: entre el odio a los represores y los sentimientos patrióticos / Pedro Luis Cazes Camarero -- Petróleo, pesca, turismo, lana y hasta la acuñación de moneda: los kelpers tienen el séptimo PIB per cápita más elevado del mundo / Fernando Del Corro -- Un relato de inspiración mitrista: los indígenas en la Guerra del Atlántico Sur / Eduardo Domínguez Marín -- Pampas, ranqueles y tehuelches dispuestos a defender la patria: los indígenas en las invasiones inglesas y las Malvinas / Juan Carlos Espeche Gil -- Diplomacia activa y soberanía regional: Malvinas y su reivindicación internacional / José Luis Fernández Valoni -- Télam, un caso paradigmático de la institucionalización de la mentira: la Guerra de las Malvinas en el marco de la resistencia a la dictadura / Luis Giménez --.
=505  00$tNo habrá recuperación mientras sea un buen negocio Malvinas, la única política realista: aumentar los costos de ocupación / Marcelo Gullo -- Historicismo para educar: soberanía sobre las Islas Malvinas / Ana Jaramillo -- La batalla de hoy contra el turismo malvinero: la Gesta del Operativo Cóndor del 28 de septiembre de 1966 / Norberto Karasiewicz -- Una disputa en el marco de la política internacional: historia de idas y vueltas que desembocó en un conflicto bélico / Enrique Manson -- Los Marines desembarcaron el día de la derrota de Rosas: las agresiones de los EUA en Malvinas y Buenos Aries / José Luis Méndez Méndez -- Hacia una alianza para la defensa y el desarrollo: la Argentina y la geopolítica del Atlántico Sur / Walter Moore -- Los romanos llamaban perduellios a los traidores a la patria: ¿es Malvinas una causa nacional? / Jorge Rachid -- El camino de la Fuerza Aérea Argentina hacia Malvinas / Jorge Reyes -- El fin del mundo unipolar y sus perspectivas: las Malvinas en el marco regional y global / Servio Rodríguez Gelfenstein -- Mientras se fortalece militar y económicamente en las Malvinas, el Reino Unido intenta reforzar su injerencia geopolítica en el Mercosur y el resto de América Latina / Ricardo Sarmiento -- Los militares y el control de los periodistas: la prensa sobre Malvinas, antes y ahora, una mirada esperanzada / Oscar Taffetani -- Volveremos a Malvinas de la man de América Latina / Miguel Ángel Trinidad -- Imágenes vívidas de un enviado especial: la Guerra de Malvinas en fotos / Román von Eckstein.
=611  27$aFalkland Islands War (1982)$2fast$0(OCoLC)fst00920012
=648  \7$a1982$2fast
=650  \0$aFalkland Islands War, 1982$xPublic opinion.
=650  \0$aPublic opinion$zArgentina.
=650  \7$aInternational law.$2fast$0(OCoLC)fst00976984
=650  \7$aPublic opinion.$2fast$0(OCoLC)fst01082785
=651  \0$aFalkland Islands$xHistory.
=651  \0$aFalkland Islands$xInternational status.
=651  \7$aArgentina.$2fast$0(OCoLC)fst01205614
=651  \7$aSouth Orkney Islands$zFalkland Islands.$2fast$0(OCoLC)fst01207314
=655  \7$aHistory.$2fast$0(OCoLC)fst01411628
=700  12$iContainer of (work):$aAbudara, Oscar.$tFuerzas Armadas y pueblo unidos por la recuperación.
=852  41$aBritish Library$bHMNTS$jYF.2015.a.9654
=856  41$uhttp://core.cambeiro.com.ar/0-171036-0.pdf
=856  41$3Table of contents only$uhttp://catdir.loc.gov/catdir/toc/gc01/9789871677825.pdf
=CAT  \\$a6503$b40$c20130723$lBLL01$h1602
=CAT  \\$a11131$b40$c20150513$lBLL01$h1416
=CAT  \\$aBATCH-UPD$b40$c20150513$lBLL01$h1416
=CAT  \\$aBATCH-UPD$b40$c20230104$lBLL01$h2030
=FIN  \\$aY$d20150513
=FMT  \\$a  BK
=LAS  \\$aBATCH-UPD$b40$c20230104$lBLL01$h2030
=SID  \\$aZ39$bOCLC

