=LDR  01639 am a2200433 a 4500
=001  016484256
=003  Uk
=005  20131127092017.0
=008  110830s2011\\\\ag\a\\\\\b\\\\000\0bspa\d
=010  \\$a  2011438466
=020  \\$a9789872582418
=035  \\$a(AR-BaFGC)0-163293/0
=040  \\$aAR-BaFGC$cAR-BaFGC$dDLC$dUk
=042  \\$aukblcatcopy
=043  \\$as-ag---
=050  00$aHC172.5.T67$bA66 2011
=245  00$aAportes de un emprendedor de avanzada :$bErnesto Tornquist cien años después, 1842-1908. /$c[compiladores, María E. Acuña y Luis Fernando Tornquist ; autores, María F. Acuña ... [et al]].
=250  \\$a1a ed.
=260  \\$aBuenos Aires :$bEditorial Fundación Victoria Ocampo :$bS. Shaw de Critto,$c2011.
=300  \\$a345 pages :$billustrations ;$c22 cm
=336  \\$atext$2rdacontent
=337  \\$aunmediated$2rdamedia
=338  \\$avolume$2rdacarrier
=504  \\$aIncludes bibliographical references.
=600  10$aTornquist, Ernesto,$d1842-1908.
=650  \0$aBusinessmen$zArgentina$vBiography.
=650  \0$aEntrepreneurs$zArgentina$vBiography.
=651  \0$aArgentina$xPolitics and government$y1860-1910.
=700  1\$aAcuña, María F.
=700  1\$aTornquist, Luis Fernando.
=852  41$aBritish Library$bHMNTS$jYF.2013.a.24141
=856  41$3Table of contents only$uhttp://www.loc.gov/catdir/toc/gc01/9789872582418.pdf
=856  41$uhttp://core.cambeiro.com.ar/0-163293-0.pdf
=CAT  \\$a9518$b40$c20130828$lBLL01$h1434
=CAT  \\$a5703$b40$c20131127$lBLL01$h0920
=FIN  \\$aY$d20131127
=FMT  \\$a  BK
=LAS  \\$a5703$b40$c20131127$lBLL01$h0920
=SRC  \\$aBLL02

