=LDR  01966 am a2200481 a 4500
=001  016484318
=003  Uk
=005  20140604104409.0
=008  120423s2011\\\\ag\a\\\\\b\\\\100\0\por\d
=010  \\$a  2012377333
=020  \\$a9789871240586
=035  \\$a(AR-BaFGC)0-126424/8
=040  \\$aAR-BaFGC$cAR-BaFGC$dDLC$dUk
=041  0\$apor$aspa
=042  \\$aukblderived
=043  \\$as-ag---$as-bl---
=050  00$aPQ7603$b.T35 2009
=111  2\$aTaller "Experiencia, Cuerpo y Subjetividades"$n(2nd :$d2009 :$cUniversidad de San Andrés)
=245  10$aExperiencia, cuerpo y subjetividades :$bnuevas reflexiones : literatura argentina y brasileña del presente /$cMario Cámara, Lucía Tennina y Luciana Di Leone, comps. ; Gonzalo Aguilar ... [et al.].
=260  \\$aBuenos Aires :$bSantiago Arcos Editor,$cc2011.
=300  \\$a279 p. :$bill. ;$c23 cm.
=336  \\$atext$2rdacontent
=337  \\$aunmediated$2rdamedia
=338  \\$avolume$2rdacarrier
=490  0\$aColección Instrumentos ;$v11
=504  \\$aIncludes bibliographical references.
=546  \\$aPapers in Spanish and Portuguese.
=650  \0$aArgentine literature$y21st century$xHistory and criticism$vCongresses.
=650  \0$aBrazilian literature$y21st century$xHistory and criticism$vCongresses.
=650  \0$aArgentine literature$y20th century$xHistory and criticism$vCongresses.
=650  \0$aBrazilian literature$y20th century$xHistory and criticism$vCongresses.
=700  1\$aCámara, Mario.
=700  1\$aTennina, Lucía.
=700  1\$aDi Leone, Luciana.
=852  41$aBritish Library$bHMNTS$jYF.2014.a.13262
=856  41$3Table of contents only$uhttp://www.loc.gov/catdir/toc/gc01/9789871240586.pdf
=856  41$uhttp://core.cambeiro.com.ar/0-126424-8.pdf
=CAT  \\$a9518$b40$c20130828$lBLL01$h1605
=CAT  \\$a11002$b40$c20140604$lBLL01$h1044
=FIN  \\$aY$d20140604
=FMT  \\$a  BK
=LAS  \\$a11002$b40$c20140604$lBLL01$h1044
=SRC  \\$aBLL02

