=LDR  01401 am a2200409 a 4500
=001  016485065
=003  Uk
=005  20131030131009.0
=008  120112s2011\\\\ag\\\\\\\b\\\\000\0\spa\d
=010  \\$a  2011438973
=020  \\$a9789500519748
=020  \\$a9500519747
=035  \\$a(OCoLC)781262884
=040  \\$aAR-BaFGC$cSTF$dUk
=042  \\$aukblderived
=043  \\$acl-----
=050  00$aPQ7081.A1$bS55 2011
=245  00$aSiluetas de papel :$bel autor como lector /$cCarmen Perilli, María Jesús Benites, compiladoras.
=260  \\$aBs. As. [i. e. Buenos Aires] :$bCorregidor,$cc2011.
=300  \\$a188 pages ;$c20 cm
=336  \\$atext$2rdacontent
=337  \\$aunmediated$2rdamedia
=338  \\$avolume$2rdacarrier
=504  \\$aIncludes bibliographical references.
=650  \0$aLatin American literature$y20th century$xHistory and criticism.
=700  1\$aPerilli, Carmen.
=700  1\$aBenites, María Jesús.
=852  41$aBritish Library$bHMNTS$jYF.2013.a.21215
=856  41$3Table of contents only$uhttp://catdir.loc.gov/catdir/toc/gc01/9789500519748.pdf
=856  41$uhttp://core.cambeiro.com.ar/0-164819-0.pdf
=CAT  \\$a9518$b40$c20130830$lBLL01$h1103
=CAT  \\$aBATCH-UPD$b40$c20130830$lBLL01$h1104
=CAT  \\$a5703$b40$c20131030$lBLL01$h1310
=FIN  \\$aY$d20131030
=FMT  \\$a  BK
=LAS  \\$a5703$b40$c20131030$lBLL01$h1310
=SID  \\$aZ39$bOCLC

