=LDR  01701 am a22004694a 4500
=001  016485261
=003  Uk
=005  20140107135849.0
=008  110810s2011\\\\ag\a\\\\\b\\\\000\0\spa\d
=010  \\$a  2011438361
=020  \\$a9789871543618
=035  \\$a(AR-BaFGC)0-132928/23
=040  \\$aAR-BaFGC$cAR-BaFGC$dDLC$dUk
=042  \\$aukblderived
=043  \\$acl-----
=050  00$aHC130.P6$bP626 2011
=245  00$aPobreza y desigualdad en América Latina y el Caribe /$cMaría Mercedes Di Virgilio, María Pía Otero, Paula Boniolo, coordinadoras ; Carlos Augusto Viáfara López ... [et al.].
=250  \\$a1. ed. en español.
=260  \\$aCiudad de Buenos Aires :$bCLACSO,$c2011.
=300  \\$a351 p. :$bill. ;$c23 cm.
=336  \\$atext$2rdacontent
=337  \\$aunmediated$2rdamedia
=338  \\$avolume$2rdacarrier
=490  0\$aColección CLACSO-CROP
=504  \\$aIncludes bibliographical references.
=650  \0$aPoverty$zLatin America.
=650  \0$aPoverty$xGovernment policy$xLatin America.
=650  \0$aEquality$zLatin America.
=650  \0$aLatin America$xEconomic conditions$y1982-
=700  1\$aDi Virgilio, María Mercedes.
=700  1\$aOtero, María Pía.
=700  1\$aBoniolo, Paula.
=852  41$aBritish Library$bHMNTS$jYF.2014.a.795
=856  41$3Table of contents only$uhttp://www.loc.gov/catdir/toc/gc01/9789871543618.pdf
=856  41$uhttp://core.cambeiro.com.ar/0-132928-23.pdf
=CAT  \\$a6503$b40$c20130830$lBLL01$h1559
=CAT  \\$aBATCH-UPD$b40$c20130830$lBLL01$h1559
=CAT  \\$a11131$b40$c20140107$lBLL01$h1358
=FIN  \\$aY$d20140107
=FMT  \\$a  BK
=LAS  \\$a11131$b40$c20140107$lBLL01$h1358
=SRC  \\$aBLL02

