=LDR  01590 am a2200457 a 4500
=001  016620131
=003  Uk
=005  20140416091242.0
=008  110914s2011\\\\ag\a\\\\\b\\\\000\0\spa\d
=010  \\$a  2011438543
=020  \\$a9789876011372
=035  \\$a(AR-BaFGC)0-103799/5
=040  \\$aAR-BaFGC$cAR-BaFGC$dDLC$dUk
=042  \\$aukblcatcopy
=043  \\$as-ag---
=050  00$aRA423.2$b.C66 2011
=245  00$aComunicación y salud en la Argentina /$cMónica Petracci, Silvio Waisbord, compiladores.
=250  \\$a1. ed.
=260  \\$a[Buenos Aires] :$bLa Crujía Ediciones,$c2011.
=300  \\$a471 p. :$bill. ;$c20 cm.
=336  \\$atext$2rdacontent
=337  \\$aunmediated$2rdamedia
=338  \\$avolume$2rdacarrier
=490  0\$aInclusiones. Categorías
=504  \\$aIncludes bibliographical references.
=650  \0$aCommunication in public health$zArgentina.
=650  \0$aHealth in mass media$zArgentina.
=650  \0$aMedical policy$zArgentina.
=650  \0$aHealth promotion$zArgentina.
=700  1\$aPetracci, Mónica,$d1953-
=700  1\$aWaisbord, Silvio R.$q(Silvio Ricardo),$d1961-
=852  41$aBritish Library$bHMNTS$jYF.2014.a.9598
=856  41$uhttp://core.cambeiro.com.ar/0-103799-5.pdf
=856  41$3Table of contents only$uhttp://www.loc.gov/catdir/toc/gc01/9789876011372.pdf
=CAT  \\$a9701$b40$c20140204$lBLL01$h1048
=CAT  \\$a11002$b40$c20140416$lBLL01$h0912
=CAT  \\$aBATCH-UPD$b40$c20161130$lBLL01$h2026
=FIN  \\$aY$d20140416
=FMT  \\$a  BK
=LAS  \\$aBATCH-UPD$b40$c20161130$lBLL01$h2026
=SRC  \\$aBLL02

