=LDR  01686 am a2200433 a 4500
=001  016629966
=003  Uk
=005  20140213111336.0
=008  130927s2012\\\\bl\ab\\\\b\\\f000\0\por\d
=010  \\$a  2013348002
=020  \\$a9788560215812
=020  \\$z8560215812
=035  \\$a(OCoLC)ocn845247248
=040  \\$aAR-BaFGC$cN15$dOCLCO$dIQU$dDLC$dUk
=042  \\$aukblcatcopy
=043  \\$as-bl---$asa-----
=050  00$aHC188.A485$bA4645 2012
=245  00$aAmazônia, terra e água :$bdegradação e desenvolvimento sustentável /$corganizadores, Francisco Capuano Scarlato, Renato Augusto de Oliveira Evangelista, Wellington Farias Araujo.
=260  \\$aBoa Vista, RR :$bEditora UFRR,$c2012.
=300  \\$a208 p. :$bill., maps ;$c21 cm.
=336  \\$atext$2rdacontent
=337  \\$aunmediated$2rdamedia
=338  \\$avolume$2rdacarrier
=504  \\$aIncludes bibliographical references.
=650  \0$aEconomic development$xEnvironmental aspects$zAmazon River Region.
=650  \0$aEnvironmental degradation$zAmazon River Region.
=650  \0$aSustainable development$zAmazon River Region.
=651  \0$aAmazon River Region$xEnvironmental conditions.
=700  1\$aScarlato, Francisco Capuano,$d1939-
=700  1\$aEvangelista, Renato Augusto de Oliveira.
=700  1\$aAraújo, Wellington Farias.
=852  41$aBritish Library$bHMNTS$jYF.2014.a.4225
=856  41$3Table of contents only$uhttp://www.loc.gov/catdir/toc/fy13pdf06/2013348002.html
=856  41$uhttp://core.cambeiro.com.ar/1-168594-0.pdf
=CAT  \\$a11002$b40$c20140213$lBLL01$h1113
=FIN  \\$aY$d20140213
=FMT  \\$a  BK
=LAS  \\$a11002$b40$c20140213$lBLL01$h1113
=SRC  \\$aBLL02

