=LDR  01427 am a2200409 a 4500
=001  016691662
=003  Uk
=005  20141031103533.0
=008  120816s2012\\\\ag\a\\\\\b\\\f000\0\spa\d
=010  \\$a  2012377857
=020  \\$a9789871326747
=035  \\$a(AR-BaFGC)0-135665/11
=040  \\$aAR-BaFGC$cAR-BaFGC$dDLC$dUk
=042  \\$aukblderived
=043  \\$as-ag---
=050  00$aF2848$b.C83 2012
=245  00$aCuadernos de FORJA /$ccompiladora, Ana Jaramillo.
=260  \\$aRemedios de Escalada, Lanús, Provincia de Buenos Aires, Argentina :$bEdiciones de la UNLa,$c[2012?]
=300  \\$a493 p. :$bill. ;$c23 cm.
=336  \\$atext$2rdacontent
=337  \\$aunmediated$2rdamedia
=338  \\$avolume$2rdacarrier
=490  0\$aColección Pensamiento nacional
=504  \\$aIncludes bibliographical references.
=650  \0$aNationalism$zArgentina$xHistory$y20th century.
=651  \0$aArgentina$xPolitics and government$y1910-1943.
=700  1\$aJaramillo, Ana.
=730  02$aCuadernos de F.O.R.J.A.
=852  41$aBritish Library$bHMNTS$jYF.2014.a.24242
=856  41$3Table of contents only$uhttp://www.loc.gov/catdir/toc/gc01/9789871326747.pdf
=856  41$uhttp://core.cambeiro.com.ar/0-135665-11.pdf
=CAT  \\$a8157$b40$c20140422$lBLL01$h1155
=CAT  \\$a10904$b40$c20141031$lBLL01$h1035
=FIN  \\$aY$d20141031
=FMT  \\$a  BK
=LAS  \\$a10904$b40$c20141031$lBLL01$h1035
=SRC  \\$aBLL02

