=LDR  01735 am a2200409 a 4500
=001  016692265
=003  Uk
=005  20140805121106.0
=008  121002s2012\\\\ag\\\\\\\b\\\\001\0\spa\d
=010  \\$a  2012519305
=020  \\$a9789872565244
=035  \\$a(AR-BaFGC)0-167133/0
=040  \\$aAR-BaFGC$cAR-BaFGC$dDLC$dUk
=042  \\$aukblderived
=043  \\$as-ag---
=050  00$aF3126$b.P375 2012
=245  00$aPatagonia :$bcriminalización, militarización y violación de derechos humanos en territorio ancestral mapuche /$cCentro de Investigación y Formación de los Movimientos Sociales Latinoamericanos ; [compiladora, Patricia Agosto].
=260  \\$a[Buenos Aires?] :$bAmérica Libre ;$a[Berlin, Germany] :$bRosa Luxemburg-Stiffung,$c[2012]
=300  \\$a356 p. ;$c22 cm.
=336  \\$atext$2rdacontent
=337  \\$aunmediated$2rdamedia
=338  \\$avolume$2rdacarrier
=504  \\$aIncludes bibliographical references and index.
=650  \0$aMapuche Indians$xLand tenure$zPatagonia (Argentina and Chile)
=650  \0$aMapuche Indians$xGovernment policy$zPatagonia (Argentina and Chile)
=650  \0$aMapuche Indians$xCivil rights$zPatagonia (Argentina and Chile)
=700  1\$aAgosto, Patricia.
=710  2\$aCentro de Investigación y Formación de los Movimientos Sociales Latinoamericanos.
=852  41$aBritish Library$bHMNTS$jYF.2014.a.17896
=856  41$3Table of contents only$uhttp://www.loc.gov/catdir/toc/gc01/9789872565244.pdf
=856  41$uhttp://core.cambeiro.com.ar/0-167133-0.pdf
=CAT  \\$a8157$b40$c20140423$lBLL01$h1125
=CAT  \\$a11131$b40$c20140805$lBLL01$h1211
=FIN  \\$aY$d20140805
=FMT  \\$a  BK
=LAS  \\$a11131$b40$c20140805$lBLL01$h1211
=SRC  \\$aBLL02

