=LDR  01880 am a2200445 i 4500
=001  016766230
=003  Uk
=005  20140820122952.0
=008  140110s2013\\\\ag\a\\\\\b\\\\000\0\spa\d
=010  \\$a  2012516222
=020  \\$a9789871983018
=035  \\$a(AR-BaFGC)0-142487/5
=040  \\$aAR-BaFGC$cAR-BaFGC$dDLC$dUk$erda
=042  \\$aukblderived
=043  \\$as-ag---
=050  00$aHD9014.A72$bA28 2013
=245  00$aActividades extractivas en expansión :$b¿reprimarización de la economía argentina? /$cNorma Giarraca y Miguel Teubal, coordinadores ; autores, Fernando Barri, Norma Giarracca, Gisela Hadad, Tomás Palmisano, Tamara Perelmuter, Ana Isabel Rivas, Virginia Toledo López, Miguel Teubal, Juan Wahren, GER-GEMSAL.
=250  \\$aPrimera edición.
=264  \1$a[Buenos Aires?] :$bEA,$c2013.
=300  \\$a252 pages :$billustrations ;$c23 cm.
=336  \\$atext$2rdacontent
=337  \\$aunmediated$2rdamedia
=338  \\$avolume$2rdacarrier
=490  0\$aColección Universalismo pequeño : experiencias de investigación ;$v[5]
=504  \\$aIncludes bibliographical references (pages 221-252).
=650  \0$aAgricultural industries$zArgentina.
=650  \0$aSoybean industry$zArgentina.
=650  \0$aAnti-globalization movement$zArgentina.
=700  1\$aGiarraca, Norma,$eauthor,$eeditor of compilation.
=700  1\$aTeubal, Miguel,$eauthor,$eeditor of compilation.
=852  41$aBritish Library$bHMNTS$jYF.2014.a.18688
=856  41$uhttp://core.cambeiro.com.ar/0-142487-5.pdf
=856  41$3Table of contents only$uhttp://www.loc.gov/catdir/toc/gc01/9789871983018.pdf
=CAT  \\$a6503$b40$c20140704$lBLL01$h1159
=CAT  \\$a11002$b40$c20140820$lBLL01$h1229
=CAT  \\$aBATCH-UPD$b40$c20161030$lBLL01$h2044
=FIN  \\$aY$d20140820
=FMT  \\$a  BK
=LAS  \\$aBATCH-UPD$b40$c20161030$lBLL01$h2044
=SRC  \\$aBLL02

