=LDR  01642 am a2200445 a 4500
=001  016767804
=003  Uk
=005  20140821075148.0
=008  120928s2012\\\\ag\\\\\\\b\\\\100\0\spa\d
=010  \\$a  2012519377
=020  \\$a9789505565740
=035  \\$a(AR-BaFGC)0-40821/22
=040  \\$aAR-BaFGC$cAR-BaFGC$dDLC$dUk
=042  \\$aukblderived
=043  \\$as-ag---$acl-----
=050  00$aPQ7683$b.C64 2010
=111  2\$aCongreso Internacional de Teatro Iberoamericano y Argentino$n(19th :$d2010 :$cBuenos Aires, Argentina)
=245  10$aTerritorios teatrales /$cOsvaldo Pellettieri, editor.
=260  \\$aBuenos Aires :$bGalerna,$cc2012.
=300  \\$a254 p. ;$c22 cm.
=336  \\$atext$2rdacontent
=337  \\$aunmediated$2rdamedia
=338  \\$avolume$2rdacarrier
=490  0\$aColección Estudios de teatro argentino e iberoamericano
=504  \\$aIncludes bibliographical references.
=650  \0$aTheater$zArgentina$vCongresses.
=650  \0$aTheater$zLatin America$vCongresses.
=650  \0$aArgentine drama$xHistory and criticism$vCongresses.
=650  \0$aLatin American drama$xHistory and criticism$vCongresses.
=700  1\$aPellettieri, Osvaldo.
=710  2\$aGrupo de Estudios de Teatro Argentino.
=852  41$aBritish Library$bHMNTS$jYF.2014.a.18685
=856  41$3Table of contents only$uhttp://www.loc.gov/catdir/toc/gc01/9789505565740.pdf
=856  41$uhttp://core.cambeiro.com.ar/0-40821-22.pdf
=CAT  \\$a6503$b40$c20140704$lBLL01$h1552
=CAT  \\$a11002$b40$c20140821$lBLL01$h0751
=FIN  \\$aY$d20140821
=FMT  \\$a  BK
=LAS  \\$a11002$b40$c20140821$lBLL01$h0751
=SRC  \\$aBLL02

