=LDR  01640 am a22004334a 4500
=001  014769430
=003  Uk
=005  20120430134458.0
=008  100917s2007\\\\ag\\\\\\\b\\\\000\0\spa\d
=010  \\$a2010504139
=020  \\$a9789875742161
=035  \\$a(AR-BaFGC)0-158460/0
=040  \\$aAR-BaFGC$cAR-BaFGC$dDLC$dUk
=042  \\$aukblderived
=043  \\$an-cn-qu$acl-----
=050  00$aHC125$b.C63 2007
=245  03$aLa co-construcción de políticas públicas en el campo de la economía social /$cMirta Vuotto, compiladora ; [autores, Fréderic Lesemann et. al.].
=260  \\$aBuenos Aires :$bPrometeo Libros,$cc2007.
=300  \\$a335 p. ;$c22 cm.
=336  \\$atext$2rdacontent
=337  \\$aunmediated$2rdamedia
=338  \\$avolume$2rdacarrier
=504  \\$aIncludes bibliographical references.
=650  \0$aCooperation$zLatin America.
=650  \0$aCooperation$zQuébec (Province)
=651  \0$aLatin America$xEconomic policy$xCitizen participation.
=651  \0$aQuébec (Province)$xEconomic policy$xCitizen participation.
=651  \0$aLatin America$xSocial policy$xCitizen participation.
=651  \0$aQuébec (Province)$xSocial policy$xCitizen participation.
=700  1\$aVuotto, Mirta.
=852  41$aBritish Library$bHMNTS$jYF.2012.a.11960
=856  41$3Table of contents only$uhttp://www.loc.gov/catdir/toc/gc01/9789875742161.pdf
=856  41$uhttp://core.cambeiro.com.ar/0-158460-0.pdf
=CAT  \\$a11375$b40$c20081003$lBLL01$h1437
=CAT  \\$a10904$b40$c20120430$lBLL01$h1344
=FIN  \\$aY$d20120430
=FMT  \\$a  BK
=LAS  \\$a10904$b40$c20120430$lBLL01$h1344
=SID  \\$aZ39$bLOC

