=LDR  01929cam a22005174a 4500
=001  014906260
=003  Uk
=005  20120503135555.0
=008  101021s2007\\\\ag\\\\\\\b\\\\100\0\spa\d
=010  \\$a2010504098
=020  \\$a9789507212819
=035  \\$a(AR-BaFGC)0-155968/0
=040  \\$aAR-BaFGC$beng$cAR-BaFGC$dDLC$dUk
=041  0\$aspa$beng
=042  \\$aukblsr
=043  \\$as-ag---
=050  00$aNK4061$b.S56 2007
=245  00$aCerámicas arqueológicas /$cMaría Beatriz Cremonte, Norma Ratto, editoras.
=250  \\$a1a ed.
=260  \\$aSan Salvador de Jujuy :$bUniversidad Nacional de Jujuy,$c2007.
=300  \\$a198 p. ;$c24 cm. +$e1 CD-ROM (4 3/4 in.)
=336  \\$atext$2rdacontent
=337  \\$aunmediated$2rdamedia
=338  \\$avolume$2rdacarrier
=500  \\$aAccompanying CD-ROM contains power point presentations with illustrations for each article.
=504  \\$aIncludes bibliographical references.
=546  \\$aAbstracts in Spanish and English.
=650  \0$aPottery, Argentine$xAnalysis$vCongresses.
=650  \0$aPottery, Ancient$zArgentina$xAnalysis$vCongresses.
=650  \0$aArchaeometry$vCongresses.
=651  \0$aArgentina$xAntiquities$vCongresses.
=700  1\$aCremonte, María Beatriz.
=700  1\$aRatto, Norma.
=710  2\$aUniversidad Nacional de Jujuy.$bCentro Regional de Estudios Arqueológicos.
=852  41$aBritish Library$bHMNTS$jEMF.2012.a.119
=856  41$3Table of contents only$uhttp://www.loc.gov/catdir/toc/gc01/9789507212819.pdf
=856  41$uhttp://core.cambeiro.com.ar/0-155968-0.pdf
=CAT  \\$a6160$b40$c20090214$lBLL01$h0742
=CAT  \\$a10904$b40$c20120419$lBLL01$h1128
=CAT  \\$a10904$b40$c20120419$lBLL01$h1129
=CAT  \\$a5521$b40$c20120503$lBLL01$h1355
=CAT  \\$aW2308-1659$c20230923$lBLL01$h1135
=FIN  \\$aY$d20120503
=FMT  \\$a  BK
=LAS  \\$aW2308-1659$b00$c20230923$lBLL01$h1135
=SID  \\$aZ39$bLOC

