=LDR  02182cam a2200481 i 4500
=001  020694387
=003  Uk
=005  20221108142550.0
=008  170308e201603\\ag\a\\\\rb\\\\000\0\spa\d
=010  \\$a  2017371598
=020  \\$z9789877221824 (ebook)
=035  \\$a(AR-BaFGC)0-84823/93
=035  \\$a(OCoLC) 981450373
=040  \\$aAR-BaFGC$beng$cAR-BaFGC$dDLC$dUk$erda$epn
=042  \\$aukblderived
=043  \\$an-us---$acl-----
=050  00$aE907$b.E88 2016
=245  00$aEstados Unidos :$by la nueva correlación de fuerzas internacional /$cMarco A. Gandásegui, hijo (coordinador) ; Pablo Gentili y Pablo Vommaro, presentación ; Ronald H. Chilcote, prólogo ; Carlos Eduardo Martins [and fifteen others].
=250  \\$aPrimera edición en español.
=264  \1$aBuenos Aires :$bCLACSO,$cmarzo de 2016.
=300  \\$a447 pages :$billustrations ;$c23 cm.
=336  \\$atext$2rdacontent
=337  \\$aunmediated$2rdamedia
=338  \\$avolume$2rdacarrier
=490  0\$aColección Grupos de Trabajo
=500  \\$a"Constituye el cuarto libro de una serie inaugurada con Crisis de hegemonía de Estados Unidos (2007); Estados Unidos, la crisis sistémica y las nuevas formas de legitimación (2010); y, Estados Unidos más allá de la crisis (2012)."--page 9.
=504  \\$aIncludes bibliographical references.
=533  \\$aPrint reproduction.
=650  \0$aHegemony$zUnited States.
=651  \0$aUnited States$xPolitics and government$y2009-2017.
=651  \0$aUnited States$xForeign relations$zLatin America.
=651  \0$aLatin America$xForeign relations$zUnited States.
=700  1\$aGandásegui, Marco A.,$chijo,$eeditor.
=700  12$iContainer of (work):$aGrobart Sunshine, Fabio.$tCiencia y tecnología en Estados Unidos.
=852  41$aBritish Library$bHMNTS$jYF.2022.a.26828
=856  41$3Table of contents only$uhttp://www.loc.gov/catdir/toc/gc01/9789877221824.pdf
=856  41$uhttp://core.cambeiro.com.ar/0-84823-93.pdf
=CAT  \\$a10904$b40$c20220729$lBLL01$h1724
=CAT  \\$a11002$b40$c20221108$lBLL01$h1425
=FIN  \\$aY$d20221108
=FMT  \\$a  BK
=LAS  \\$a11002$b40$c20221108$lBLL01$h1425
=SID  \\$aZ39$bLOC

