=LDR  01822cam a22004577i 4500
=001  017706406
=003  Uk
=005  20160525105253.0
=008  150213t20142014ag\a\\\\\b\\\\000\jdspa\d
=020  \\$a9789506983369 (paperback)
=020  \\$a9506983364 (paperback)
=035  \\$a(OCoLC)918598061
=040  \\$aAR-BaFGC$beng$cN15$dOCLCO$dNYP$dOCLCF$dUk$erda
=042  \\$aukblderived
=050  \4$aPQ7797.G673$bA6 2014
=100  1\$aGudiño Kramer, Luis,$eauthor.
=240  10$aShort stories.$kSelections
=245  10$aNuevamente el camino :$by otros textos /$cLuis Gudiño Kramer ; introducción, cronología, bibliografía y notas, María Eugenia De Zan.
=264  \1$aSanta Fe, Argentina :$bUniversidad Nacional del Litoral ;$aParaná, Entre Ríos, Argentina :$bUniversidad Nacional de Entre Ríos,$c[2014]
=264  \4$c©2014
=300  \\$alii, 283 pages :$billustrations ;$c23 cm.
=336  \\$atext$2rdacontent
=337  \\$aunmediated$2rdamedia
=338  \\$avolume$2rdacarrier
=490  1\$aColección El país del sauce ;$v6
=504  \\$aIncludes bibliographical references (pages 265-273).
=600  10$aGudiño Kramer, Luis.
=600  17$aGudiño Kramer, Luis$2fast$0(OCoLC)fst00084925
=700  1\$aDe Zan, María Eugenia,$eeditor.
=830  \0$aColección El país del sauce ;$v6.
=852  41$aBritish Library$bHMNTS$jYF.2016.a.12789
=856  41$3Cover information$uhttp://core.cambeiro.com.ar/0-165683-5.pdf
=CAT  \\$a11253$b40$c20160114$lBLL01$h1131
=CAT  \\$a6923$b40$c20160524$lBLL01$h1051
=CAT  \\$a10904$b40$c20160525$lBLL01$h1052
=CAT  \\$aBATCH-UPD$b40$c20190118$lBLL01$h2036
=CAT  \\$aW2308-1659$c20230923$lBLL01$h1004
=FIN  \\$aY$d20160524
=FMT  \\$a  BK
=LAS  \\$aW2308-1659$b00$c20230923$lBLL01$h1004
=SID  \\$aZ39$bOCLC

