=LDR  01532cam a22004457i 4500
=001  016485011
=003  Uk
=005  20150420091809.0
=008  120629s2011\\\\ag\\\\\\\b\\\\000\ddspa\d
=010  \\$a  2012503388
=020  \\$a9789871421534
=020  \\$a9871421532
=035  \\$a(OCoLC)811124198
=040  \\$aAR-BaFGC$beng$cN15$dDLC$dOCLCO$dFXG$dUk$erda
=042  \\$aukblderived
=050  \4$aPQ7797.G592$bA6 2011
=050  \4$aPQ7797.G592$bI58 2011
=100  1\$aGonzález Castillo, José,$d1885-1937.
=240  10$aPlays.$kSelections
=245  14$aLos invertidos y otras obras /$cJosé González Castillo.
=250  \\$a1a edition.
=264  \1$aBuenos Aires :$bRyR,$c2011.
=300  \\$a281 pages. ;$c17 cm.
=336  \\$atext$2rdacontent
=337  \\$aunmediated$2rdamedia
=338  \\$avolume$2rdacarrier
=490  1\$aColección Literatura en acción ;$v4
=500  \\$a"Razón y revolución. Organización cultural"--P. 4 of cover.
=504  \\$aIncludes bibliographical references.
=830  \0$aBiblioteca militante.$pColección Literatura en acción.
=852  41$aBritish Library$bHMNTS$jYF.2015.a.7900
=856  41$3Sample text$uhttp://core.cambeiro.com.ar/0-162654-3.pdf
=CAT  \\$a9518$b40$c20130830$lBLL01$h0949
=CAT  \\$a11131$b40$c20150420$lBLL01$h0918
=CAT  \\$aBATCH-UPD$b40$c20151109$lBLL01$h2035
=CAT  \\$aW2308-1659$c20230923$lBLL01$h1022
=FIN  \\$aY$d20150420
=FMT  \\$a  BK
=LAS  \\$aW2308-1659$b00$c20230923$lBLL01$h1022
=SID  \\$aZ39$bOCLC

