=LDR  02038 am a22004817a 4500
=001  016029912
=003  Uk
=005  20120529122209.0
=008  110428s2011\\\\ag\ab\\\\b\\\\100\0\spa\d
=020  \\$a9871599463
=020  \\$a9789871599462
=035  \\$a(OCoLC)747315132
=040  \\$aAR-BaFGC$cN15$dCGU$dIXA$dUk
=042  \\$aukblderived
=043  \\$as-ag---
=050  \4$aHD1476.A72$bP368 2011
=245  00$aRepensar la agricultura familiar :$baportes para desentrañar la complejidad agraria pampeana /$cNatalia López Castro y Guido Prividera, compiladores ; Guillermo Neiman ... [et al.].
=250  \\$a1. ed.
=260  \\$a[Argentina] :$bEdiciones CICCUS,$c2011.
=300  \\$a334 p. :$bill., map ;$c23 cm.
=336  \\$atext$2rdacontent
=337  \\$aunmediated$2rdamedia
=338  \\$avolume$2rdacarrier
=490  1\$aColección Trabajo, integración y sociedad
=504  \\$aIncludes bibliographical references.
=650  \0$aFamily farms$zArgentina$zPampas$vCongresses.
=700  1\$aLópez Castro, Natalia.
=700  1\$aPrividera, Guido.
=700  1\$aNeiman, Guillermo.
=710  2\$aInstituto de Investigación y Desarrollo Tecnológico para la Pequeña Agricultura Familiar, Región Pampeana (Instituto Nacional de Tecnología Agropecuaria)
=710  2\$aUniversidad Nacional de Quilmes.$bPrograma de Investigación y Desarrollo "Cambios y continuidades en la Argentina Rural del siglo XX".
=710  2\$aUniversidad de Buenos Aires.$bCentro Interdisciplinario de Estudios Agrarios.
=830  \0$aColección "Trabajo, integración y sociedad".
=852  41$aBritish Library$bHMNTS$jYF.2012.a.14964
=856  41$3Sample text$uhttp://core.cambeiro.com.ar/0-162306-0.pdf
=CAT  \\$a7040$b40$c20120214$lBLL01$h1452
=CAT  \\$aBATCH-UPD$b40$c20120214$lBLL01$h1453
=CAT  \\$a11131$b40$c20120529$lBLL01$h1222
=CAT  \\$aBATCH-UPD$b40$c20200804$lBLL01$h2019
=FIN  \\$aY$d20120529
=FMT  \\$a  BK
=LAS  \\$aBATCH-UPD$b40$c20200804$lBLL01$h2019
=SID  \\$aZ39$bOCLC

