=LDR  01429 am a2200421 a 4500
=001  016250682
=003  Uk
=005  20131107141749.0
=008  111207s2011\\\\ag\a\\\\\b\\\\000\0\spa\d
=020  \\$a9789871240555
=020  \\$a9871240554
=035  \\$a(OCoLC)777773637
=040  \\$aAR-BaFGC$cN15$dCGU$dUAB$dPL#$dUk
=042  \\$aukblderived
=043  \\$as-bl---
=050  \4$aF2510$b.C36 2011
=100  1\$aCámara, Mario.
=245  10$aCuerpos paganos :$busos y efectos en la cultura brasileña, 1960-1980 /$cMario Cámara.
=260  \\$aBuenos Aires :$bSantiago Arcos Editor,$c2011.
=300  \\$a258 pages :$billustrations ;$c20 cm.
=336  \\$atext$2rdacontent
=337  \\$aunmediated$2rdamedia
=338  \\$avolume$2rdacarrier
=490  1\$aParabellum ;$v29. Ficciones [i.e., Ensayo]
=504  \\$aIncludes bibliographical references (p. [241]-258).
=650  \0$aArts, Brazilian$y20th century.
=650  \0$aHuman figure in art.
=651  \0$aBrazil$xCivilization$y20th century.
=830  \0$aParabellum ;$v29.
=830  \0$aParabellum.$pEnsayo.
=852  41$aBritish Library$bHMNTS$jYF.2013.a.21966
=856  41$3Covers, contents, introduction$uhttp://core.cambeiro.com.ar/0-110351-15.pdf
=CAT  \\$a8157$b40$c20130114$lBLL01$h1504
=CAT  \\$a5703$b40$c20131107$lBLL01$h1417
=FIN  \\$aY$d20131107
=FMT  \\$a  BK
=LAS  \\$a5703$b40$c20131107$lBLL01$h1417
=SID  \\$aZ39$bOCLC

