=LDR  01145 am a2200361 a 4500
=001  016416950
=003  Uk
=005  20130925111921.0
=008  120322s2011\\\\ag\\\\\\\\\\\\000\1\spa\d
=020  \\$a9789871474486
=020  \\$a9871474482
=035  \\$a(OCoLC)798213393
=040  \\$aAR-BaFGC$cN15$dOCLCO$dUAB$dUk
=042  \\$aukblderived
=050  \4$aPQ7798.12.I98$bA46 2011
=100  1\$aBizzio, Sergio,$d1956-
=245  13$aUn amor para toda la vida /$cSergio Bizzio.
=250  \\$a1a ed.
=260  \\$aBuenos Aires, Argentina :$bMansalva,$cc2011.
=300  \\$a61 p. ;$c22 cm.
=336  \\$atext$2rdacontent
=337  \\$aunmediated$2rdamedia
=338  \\$avolume$2rdacarrier
=490  1\$aColección Poesía y ficción latinoamericana ;$v61
=830  \0$aPoesía y ficción latinoamericana ;$v61.
=852  41$aBritish Library$bHMNTS$jYF.2013.a.18412
=856  41$3Covers$uhttp://core.cambeiro.com.ar/0-135746-53.pdf
=CAT  \\$a8157$b40$c20130523$lBLL01$h0745
=CAT  \\$a11002$b40$c20130925$lBLL01$h1119
=FIN  \\$aY$d20130925
=FMT  \\$a  BK
=LAS  \\$a11002$b40$c20130925$lBLL01$h1119
=SID  \\$aZ39$bOCLC

