=LDR  01032 am a2200349 a 4500
=001  016417080
=003  Uk
=005  20130829134800.0
=008  120904s2012\\\\ag\\\\\\\\\\\\000\1\spa\d
=020  \\$a9789504929673
=020  \\$a9504929672
=035  \\$a(OCoLC)813226937
=040  \\$aAR-BaFGC$cN15$dOCLCQ$dUAB$dUk
=042  \\$aukblderived
=050  \4$aPQ7798.29.A264$bC36 2012
=100  1\$aSaccomanno, Guillermo.
=245  10$aCámara Gesell /$cGuillermo Saccomanno.
=250  \\$a1a ed.
=260  \\$aBuenos Aires :$bPlaneta,$cc2012.
=300  \\$a549 p. ;$c23 cm.
=336  \\$atext$2rdacontent
=337  \\$aunmediated$2rdamedia
=338  \\$avolume$2rdacarrier
=500  \\$a"Novela"--Cover.
=852  41$aBritish Library$bHMNTS$jYF.2013.a.16317
=856  41$3Cover$uhttp://core.cambeiro.com.ar/0-167279-0.pdf
=CAT  \\$a8157$b40$c20130523$lBLL01$h1127
=CAT  \\$a11002$b40$c20130829$lBLL01$h1348
=FIN  \\$aY$d20130829
=FMT  \\$a  BK
=LAS  \\$a11002$b40$c20130829$lBLL01$h1348
=SID  \\$aZ39$bOCLC

