=LDR  01356 am a2200385 a 4500
=001  016417136
=003  Uk
=005  20140320154244.0
=008  120918s2012\\\\ag\a\\\\\b\\\\000\0\spa\d
=020  \\$a9789872230647
=020  \\$a9872230641
=035  \\$a(OCoLC)818843581
=040  \\$aAR-BaFGC$cN15$dOCLCO$dEMU$dOCLCO$dUk
=042  \\$aukblderived
=043  \\$as-ag---
=050  \4$aPN1993.5.A7$bC46 2012
=245  00$aCinco films argentinos :$bMujeres que trabajan ; Historia de una noche ; Safo, historia de una pasión ; Más allá del olvido; Rosaura a las diez /$cÁngel Faretta ... [et al.].
=260  \\$aBuenos Aires :$bDjaen,$cc2012.
=300  \\$a276 pages :$billustrations ;$c22 cm.
=336  \\$atext$2rdacontent
=337  \\$aunmediated$2rdamedia
=338  \\$avolume$2rdacarrier
=490  1\$aCinesophia ;$v4
=504  \\$aIncludes bibliographical references.
=650  \0$aMotion pictures$zArgentina$xHistory$y20th century.
=700  1\$aFaretta, Angel.
=830  \0$aCinesophia ;$v4.
=852  41$aBritish Library$bHMNTS$jYF.2014.a.7141
=856  41$3Cover and front matter$uhttp://core.cambeiro.com.ar/0-141850-3.pdf
=CAT  \\$a6503$b40$c20130523$lBLL01$h1224
=CAT  \\$a5703$b40$c20140320$lBLL01$h1542
=FIN  \\$aY$d20140320
=FMT  \\$a  BK
=LAS  \\$a5703$b40$c20140320$lBLL01$h1542
=SID  \\$aZ39$bOCLC

