=LDR  01949 am a2200469 a 4500
=001  016417288
=003  Uk
=005  20130724112108.0
=008  120718s2012\\\\ag\\\\\\\b\\\\000\0dspa\c
=020  \\$a9789500519991
=020  \\$a9500519992
=035  \\$a(OCoLC)811124260
=040  \\$aAR-BaFGC$cN15$dTJC$dI5B$dCUY$dUk
=042  \\$aukblderived
=043  \\$as-ag---
=050  \4$aPQ7791.T8$bM378 2012
=100  1\$aMartínez Zuccardi, Soledad,$d1978-
=245  10$aEn busca de un campo cultural propio :$bliteratura, vida intelectual y revistas culturales en Tucumán (1904-1944) /$cSoledad Martínez Zuccardi.
=246  30$aLiteratura, vida intelectual y revistas culturales en Tucumán (1904-1944)
=260  \\$aBs. As. [i. e. Buenos Aires] :$bCorregidor,$cc2012.
=300  \\$a477 pages ;$c20 cm.
=336  \\$atext$2rdacontent
=337  \\$aunmediated$2rdamedia
=338  \\$avolume$2rdacarrier
=490  1\$aColección La vida en las Pampas
=500  \\$aBased on the author's thesis (doctoral)--Universidad Nacional de Tucumán, 2009.
=504  \\$aIncludes bibliographical references (p. [445]-473).
=650  \0$aArgentine literature$zArgentina$zTucumán$xHistory and criticism.
=650  \0$aArgentine literature$y20th century$xHistory and criticism.
=650  \0$aArgentine periodicals$zArgentina$zTucumán$xHistory$y20th century.
=651  \0$aTucumán (Argentina)$xIntellectual life$y20th century.
=830  \0$aVida en las Pampas.
=852  41$aBritish Library$bHMNTS$jYF.2013.a.13539
=856  41$3Table of contents and publisher's description$uhttp://core.cambeiro.com.ar/0-118039-4.pdf
=CAT  \\$a8157$b40$c20130523$lBLL01$h1635
=CAT  \\$a5703$b40$c20130724$lBLL01$h1121
=CAT  \\$aBATCH-UPD$b40$c20151224$lBLL01$h2053
=CAT  \\$aBATCH-UPD$b40$c20160622$lBLL01$h2020
=FIN  \\$aY$d20130724
=FMT  \\$a  BK
=LAS  \\$aBATCH-UPD$b40$c20160622$lBLL01$h2020
=SID  \\$aZ39$bOCLC

