=LDR  01395 am a22003857i 4500
=001  016434301
=003  Uk
=005  20150818105407.0
=008  120723r20121975ag\a\\\\\\\\\\000\p\spa\d
=010  \\$a  2012364259
=020  \\$a9789872789503
=020  \\$a9872789509
=035  \\$a(OCoLC)812454939
=040  \\$aAR-BaFGC$beng$cN15$dDLC$dIUL$dFXG$dUk$erda
=042  \\$aukblderived
=050  \4$aPQ7797.L2715$bR57 2012
=100  1\$aLamborghini, Leónidas C.,$eauthor.
=245  13$aEl riseñor /$cLeónidas Lamborghini.
=264  \1$a[Buenos Aires?] :$bEditores Argentinos y Hnos,$c[2012]
=300  \\$a81 pages :$billustrations ;$c21 cm
=336  \\$atext$btxt$2rdacontent
=337  \\$aunmediated$bn$2rdamedia
=338  \\$avolume$bnc$2rdacarrier
=500  \\$aOriginally published: Ediciones Marano-Barramidi, 1975.
=500  \\$aIncludes the score of "El riseñor", composition for mixed choir a capella by Julio Martín Viera.
=700  1\$aViera, Julio M.$q(Julio Martín),$ecomposer.
=852  41$aBritish Library$bHMNTS$jYF.2015.a.16784
=856  41$3Sample text$uhttp://core.cambeiro.com.ar/0-166259-0.pdf
=CAT  \\$a9518$b40$c20130619$lBLL01$h1205
=CAT  \\$a11131$b40$c20150818$lBLL01$h1054
=CAT  \\$aBATCH-UPD$b40$c20180824$lBLL01$h2140
=FIN  \\$aY$d20150818
=FMT  \\$a  BK
=LAS  \\$aBATCH-UPD$b40$c20180824$lBLL01$h2140
=SID  \\$aZ39$bOCLC

