=LDR  01745 am a2200445 a 4500
=001  016484255
=003  Uk
=005  20140107092114.0
=008  120214s2011\\\\ag\ab\\\\b\\\\000\0\spa\d
=020  \\$a9789871523115
=020  \\$a9871523114
=035  \\$a(OCoLC)793328344
=040  \\$aAR-BaFGC$cN15$dCOO$dOCLCO$dPIT$dFXG$dUk
=042  \\$aukblderived
=043  \\$as-ag---$an-mx---
=050  \4$aLC5055.A7$bA27 2011
=100  1\$aAcri, Martín Alberto.
=245  13$aLa educación libertaria en la Argentina y en México, 1861-1945 /$cMartín Alberto Acri, María del Carmen Cácerez.
=260  \\$aBuenos Aires :$bLibros de Anarres :$bTerramar Ediciones :$bTupac Ediciones,$c[2011]
=300  \\$a484 p. :$bill., map ;$c20 cm.
=336  \\$atext$2rdacontent
=337  \\$aunmediated$2rdamedia
=338  \\$avolume$2rdacarrier
=490  1\$aUtopía libertaria colección
=500  \\$aOriginally presented as the authors' collective thesis (licentiate)--Universidad de Buenos Aires.
=504  \\$aIncludes bibliographical references (p. 469-482).
=650  \0$aWorking class$xEducation$zArgentina$xHistory$y20th century.
=650  \0$aAnarchism$zArgentina$xHistory$y20th century.
=650  \0$aWorking class$xEducation$zMexico$xHistory$y20th century.
=650  \0$aAnarchism$zMexico$xHistory$y20th century.
=700  1\$aCácerez, María del Carmen.
=830  \0$aUtopia libertaria.
=852  41$aBritish Library$bHMNTS$jYF.2014.a.567
=856  41$3Sample text:$uhttp://core.cambeiro.com.ar/0-128875-20.pdf
=CAT  \\$a9518$b40$c20130828$lBLL01$h1432
=CAT  \\$a11131$b40$c20140107$lBLL01$h0921
=FIN  \\$aY$d20140107
=FMT  \\$a  BK
=LAS  \\$a11131$b40$c20140107$lBLL01$h0921
=SID  \\$aZ39$bOCLC

