=LDR  01491 am a22004097a 4500
=001  016188063
=003  Uk
=005  20140821083704.0
=008  120607s2011\\\\ag\\\\\\\b\\\\000\0\spa\d
=020  \\$a9789500206594
=020  \\$a9500206595
=035  \\$a(OCoLC)808600560$z(OCoLC)759908078$z(OCoLC)820276469
=040  \\$aAR-BaFGC$beng$cN15$dIQU$dQGK$dCPG$dBTCTA$dYDXCP$dBDX$dPL#$dI5B$dOCLCF$dUk
=042  \\$aukblderived
=043  \\$as-ag---
=050  \4$aHN270.Z9$bV545 2011
=100  1\$aMassot, Vicente Gonzalo.
=245  10$aMatar y morir :$bla violencia política en la Argentina : 1806-2011 /$cVicente Massot.
=250  \\$a[3a. ed. corr. y aum.].
=260  \\$aBuenos Aires :$bEl Ateneo,$c2011.
=300  \\$a319 p. ;$c23 cm.
=336  \\$atext$2rdacontent
=337  \\$aunmediated$2rdamedia
=338  \\$avolume$2rdacarrier
=500  \\$a"1a ed."--T.p. verso.
=504  \\$aIncludes bibliographical references (p. [315]-319).
=650  \0$aPolitical violence$zArgentina$xHistory$y19th century.
=650  \0$aPolitical violence$zArgentina$xHistory$y20th century.
=651  \0$aArgentina$xPolitics and government$y1810-
=852  41$aBritish Library$bHMNTS$jYF.2014.a.18680
=856  41$uhttp://core.cambeiro.com.ar/0-166079-0.pdf$zCover and Table of contents
=CAT  \\$a9518$b40$c20121010$lBLL01$h1627
=CAT  \\$a11002$b40$c20140821$lBLL01$h0837
=FIN  \\$aY$d20140821
=FMT  \\$a  BK
=LAS  \\$a11002$b40$c20140821$lBLL01$h0837
=SID  \\$aZ39$bOCLC

