=LDR  01257 am a22003857a 4500
=001  016204879
=003  Uk
=005  20130104112119.0
=008  120530s2012\\\\ag\a\\\\\b\\\\000\0\spa\d
=020  \\$a9789872557393
=020  \\$a987255739X
=035  \\$a(OCoLC)800333442
=040  \\$aAR-BaFGC$cN15$dOCLCO$dUk
=042  \\$aukblderived
=043  \\$alsfk---$as-ag---
=050  \4$aF3031.5$b.A93 2012
=100  1\$aAyala, Juan,$d1963-
=245  10$aMalvinas, la primera línea /$cJuan Ayala.
=260  \\$aBuenos Aires :$bLibros del Náufrago,$cc2012.
=300  \\$a155 p. :$bill. ;$c22 cm.
=336  \\$atext$2rdacontent
=337  \\$aunmediated$2rdamedia
=338  \\$avolume$2rdacarrier
=490  0\$aColección Crónicas del continente
=504  \\$aIncludes bibliographical references (p. 155).
=650  \0$aFalkland Islands War, 1982$vPersonal narratives, Argentine.
=650  \0$aSoldiers$zArgentina$vInterviews.
=852  41$aBritish Library$bHMNTS$jYF.2013.a.355
=856  41$uhttp://core.cambeiro.com.ar/0-163259-3.pdf$9WEB
=CAT  \\$a9701$b40$c20121106$lBLL01$h1208
=CAT  \\$a11002$b40$c20130104$lBLL01$h1121
=FIN  \\$aY$d20130104
=FMT  \\$a  BK
=LAS  \\$a11002$b40$c20130104$lBLL01$h1121
=SID  \\$aZ39$bOCLC

