=LDR  01464 am a22004097a 4500
=001  016237723
=003  Uk
=005  20130529080513.0
=008  120327s2012\\\\ag\\\\\\\b\\\\000\0\spa\d
=020  \\$a9789872635121
=020  \\$a9872635129
=035  \\$a(OCoLC)795896152
=040  \\$aAR-BaFGC$cN15$dOCLCO$dUk
=042  \\$aukblderived
=043  \\$as-ag---
=050  \4$aF2849.2$b.C67 2012
=100  1\$aCormick, Federico,$d1976-
=245  10$aFracción roja :$bdebate y ruptura en el PRT-ERP /$cFederico Cormick.
=260  \\$a[Ciudad Autónoma de Buenos Aires] :$bEl Topo Blindado,$c[2012]
=300  \\$a210 p. ;$c20 cm.
=336  \\$atext$2rdacontent
=337  \\$aunmediated$2rdamedia
=338  \\$avolume$2rdacarrier
=490  0\$aColección Guerrillas olvidadas de la Argentina
=504  \\$aIncludes bibliographical references (p. [205]-210).
=610  20$aEjército Revolucionario del Pueblo (Argentina).$bFracción Roja$xHistory.
=650  \0$aCommunism$zArgentina$xHistory$y20th century.
=650  \0$aGuerrillas$zArgentina$xHistory$y20th century.
=651  \0$aArgentina$xPolitics and government$y1955-1983.
=852  41$aBritish Library$bHMNTS$jYF.2013.a.10225
=856  41$uhttp://core.cambeiro.com.ar/0-160568-3.pdf$9WEB
=CAT  \\$a9518$b40$c20121231$lBLL01$h1423
=CAT  \\$a11002$b40$c20130529$lBLL01$h0805
=FIN  \\$aY$d20130529
=FMT  \\$a  BK
=LAS  \\$a11002$b40$c20130529$lBLL01$h0805
=SID  \\$aZ39$bOCLC

