=LDR  01507 am a22004217a 4500
=001  016240583
=003  Uk
=005  20130425105612.0
=008  120518s2012\\\\ag\a\\\\\\\\\\000\0\spa\d
=020  \\$a9789871158911
=020  \\$z9871158912
=035  \\$a(OCoLC)800333333
=040  \\$aAR-BaFGC$cN15$dOCLCO$dUk
=042  \\$aukblderived
=043  \\$as-ag---
=050  \4$aF2849.3$b.G66 2012
=100  1\$aGonzález, Horacio,$d1944-2021.
=245  10$a¿Cómo juzgar al kirchnerismo? :$bdos miradas contrapuestas sobre la Argentina de la última década /$cHoracio González, Isaac Rudnik.
=250  \\$a1. ed.
=260  \\$aCiudad Autónoma de Buenos Aires :$bISEPCi ;$aLanús Oeste, Provincia de Buenos Aires, Argentina :$bNuestra América,$c2012.
=300  \\$a136 p. :$bill. ;$c20 cm.
=336  \\$atext$2rdacontent
=337  \\$aunmediated$2rdamedia
=338  \\$avolume$2rdacarrier
=600  10$aGonzález, Horacio,$d1944-2021$vCorrespondence.
=600  10$aRudnik, Isaac$vCorrespondence.
=650  \0$aPeronism.
=651  \0$aArgentina$xPolitics and government$y2002-
=700  1\$aRudnik, Isaac.
=852  41$aBritish Library$bHMNTS$jYF.2013.a.7947
=856  41$uhttp://core.cambeiro.com.ar/0-166384-0.pdf$9WEB
=CAT  \\$a9518$b40$c20130103$lBLL01$h1425
=CAT  \\$a11131$b40$c20130425$lBLL01$h1056
=CAT  \\$aBATCH-UPD$b40$c20210625$lBLL01$h2049
=FIN  \\$aY$d20130425
=FMT  \\$a  BK
=LAS  \\$aBATCH-UPD$b40$c20210625$lBLL01$h2049
=SID  \\$aZ39$bOCLC

