=LDR  01398 am a22003857a 4500
=001  016484258
=003  Uk
=005  20140203085218.0
=008  110901s2011\\\\ag\a\\\\\b\\\\000\0\spa\d
=020  \\$a9789872657734
=020  \\$a9872657734
=035  \\$a(OCoLC)764559189
=040  \\$aAR-BaFGC$cN15$dGZM$dCOO$dIQU$dUk
=042  \\$aukblderived
=043  \\$as-ag---
=050  \4$aHD8266$b.C53 2011
=245  03$aLa clase obrera y el centenario, 1910 :$btrabajos de investigación /$cGustavo Nicolás Contreras ... [et al.].
=260  \\$aBuenos Aires :$bPIMSA :$bCTA ediciones,$cc2011.
=300  \\$a308 p. :$bill. ;$c22 cm.
=336  \\$atext$2rdacontent
=337  \\$aunmediated$2rdamedia
=338  \\$avolume$2rdacarrier
=504  \\$aIncludes bibliographical references.
=650  \0$aWorking class$xPolitical activity$zArgentina$xHistory$y20th century.
=650  \0$aLabor movement$zArgentina$xHistory$y20th century.
=650  \0$aWorking class$zArgentina$xSocial conditions$xHistory$y20th century.
=700  1\$aContreras, Gustavo Nicolás.
=852  41$aBritish Library$bHMNTS$jYF.2014.a.3043
=856  41$uhttp://core.cambeiro.com.ar/0-163367-0.pdf$zTable of contents
=CAT  \\$a9518$b40$c20130828$lBLL01$h1436
=CAT  \\$a11131$b40$c20140203$lBLL01$h0852
=FIN  \\$aY$d20140203
=FMT  \\$a  BK
=LAS  \\$a11131$b40$c20140203$lBLL01$h0852
=SID  \\$aZ39$bOCLC

