=LDR  01558 am a22004217a 4500
=001  016194895
=003  Uk
=005  20130529112655.0
=008  120615s2012\\\\ag\ab\\\\b\\\\000\0\spa\d
=020  \\$a9789870257578
=020  \\$a9870257577
=035  \\$a(OCoLC)810290688
=040  \\$aAR-BaFGC$cN15$dOCLCO$dUk
=042  \\$aukblderived
=043  \\$as-ag---$ae-uk---
=050  \4$aF3031.5$b.B53 2012
=100  1\$aBiangardi Delgado, Carlos Alberto.
=245  10$aCuestión Malvinas :$ba 30 años de la guerra del Atlántico Sur : propuesta para la construcción de una política de estado /$cCarlos Alberto Biangardi Delgado.
=260  \\$aBuenos Aires :$bEditorial Dunken,$c2012.
=300  \\$a398 p. :$bill., maps ;$c23 cm.
=336  \\$atext$2rdacontent
=337  \\$aunmediated$2rdamedia
=338  \\$avolume$2rdacarrier
=504  \\$aIncludes bibliographical references (p. [379]-398).
=651  \0$aFalkland Islands$xHistory.
=651  \0$aFalkland Islands$xInternational status.
=651  \0$aArgentina$xForeign relations$zGreat Britain.
=651  \0$aGreat Britain$xForeign relations$zArgentina.
=651  \0$aFalkland Islands$xStrategic aspects.
=852  41$aBritish Library$bHMNTS$jYF.2013.a.10131
=856  41$uhttp://core.cambeiro.com.ar/0-165937-0.pdf
=856  41$uhttp://core.cambeiro.com.ar/0-165937-0.pdf$9WEB
=CAT  \\$a9701$b40$c20121023$lBLL01$h1321
=CAT  \\$a11002$b40$c20130529$lBLL01$h1126
=FIN  \\$aY$d20130529
=FMT  \\$a  BK
=LAS  \\$a11002$b40$c20130529$lBLL01$h1126
=SID  \\$aZ39$bOCLC

