=LDR  01485 am a22004217a 4500
=001  016239847
=003  Uk
=005  20130830083252.0
=008  120504s2011\\\\ag\a\\\\\c\\\\000\0dspa\d
=020  \\$a9789871271344
=020  \\$a9871271344
=035  \\$a(OCoLC)805394263
=040  \\$aAR-BaFGC$cN15$dOCLCO$dUk
=041  0\$aspa$aeng
=042  \\$aukblderived
=043  \\$as-ag---
=050  \4$aN6502.5$b.A78 2011
=110  2\$aMuseo de Arte Latinoamericano de Buenos Aires.
=245  10$aArte argentino actual en la colección de MALBA :$bobras 1989-2010.
=260  \\$aBuenos Aires :$bMALBA-Fundación Costantini,$c2011.
=300  \\$a147 p. :$bcol. ill. ;$c27 cm.
=336  \\$atext$2rdacontent
=337  \\$aunmediated$2rdamedia
=338  \\$avolume$2rdacarrier
=546  \\$aTexts in Spanish with English version at the end of the book.
=610  20$aMuseo de Arte Latinoamericano de Buenos Aires$vExhibitions.
=650  \0$aArt, Latin American$y20th century$vExhibitions.
=650  \0$aArt, Latin American$y21st century$vExhibitions.
=650  \0$aArt, Latin American$vExhibitions.
=852  41$aBritish Library$bHMNTS$jLF.31.a.5044
=856  41$uhttp://core.cambeiro.com.ar/0-163581-0.pdf
=856  41$uhttp://core.cambeiro.com.ar/0-163581-0.pdf$9WEB
=CAT  \\$a9518$b40$c20130102$lBLL01$h1343
=CAT  \\$a11002$b40$c20130830$lBLL01$h0832
=FIN  \\$aY$d20130830
=FMT  \\$a  BK
=LAS  \\$a11002$b40$c20130830$lBLL01$h0832
=SID  \\$aZ39$bOCLC

