=LDR  01670 am a22004817a 4500
=001  016239913
=003  Uk
=005  20130425104526.0
=008  120530s2012\\\\ag\\\\\\\b\\\\000\0dspa\d
=020  \\$a9789505639762
=020  \\$z9505639767
=035  \\$a(OCoLC)805394199
=040  \\$aAR-BaFGC$cN15$dOCLCO$dCGU$dPL#$dI5B$dTJC$dUk
=042  \\$aukblderived
=043  \\$as-ag---
=050  \4$aPQ7797.B635$bZ7175 2012
=100  1\$aGalasso, Norberto.
=245  10$aJorge Luis Borges :$bun intelectual en el laberinto semicolonial /$cNorberto Galasso.
=246  30$aIntelectual en el laberinto semicolonial
=260  \\$aBuenos Aires, Argentina :$bColihue,$c[2012]
=300  \\$a301 p. ;$c22 cm.
=336  \\$atext$2rdacontent
=337  \\$aunmediated$2rdamedia
=338  \\$avolume$2rdacarrier
=490  1\$aPuñaladas
=490  1\$aSerie Mayor
=504  \\$aIncludes bibliographical references (p. 299-301).
=600  10$aBorges, Jorge Luis,$d1899-1986$xCriticism and interpretation.
=600  10$aBorges, Jorge Luis,$d1899-1986$xPolitical and social views.
=650  \0$aHistory in literature.
=651  \0$aArgentina$xIn literature.
=830  \0$aPuñaladas.
=830  \0$aSerie mayor (Ediciones Colihue)
=852  41$aBritish Library$bHMNTS$jYF.2013.a.7943
=856  41$uhttp://core.cambeiro.com.ar/0-72529-16.pdf
=856  41$uhttp://core.cambeiro.com.ar/0-72529-16.pdf$9WEB
=CAT  \\$a9518$b40$c20130102$lBLL01$h1435
=CAT  \\$a11131$b40$c20130425$lBLL01$h1045
=CAT  \\$aBATCH-UPD$b40$c20160229$lBLL01$h2112
=FIN  \\$aY$d20130425
=FMT  \\$a  BK
=LAS  \\$aBATCH-UPD$b40$c20160229$lBLL01$h2112
=SID  \\$aZ39$bOCLC

