=LDR  02017cam a2200553 i 4500
=001  018502751
=003  Uk
=005  20211007212154.0
=008  170706s2017\\\\ag\a\\\\\\\\\\000\0dspa\d
=010  \\$a2017371667  
=020  \\$a9789874583048
=035  \\$a(AR-BaFGC)0-178260/4
=035  \\$a(OCoLC) 993115466
=040  \\$aAR-BaFGC$beng$cAR-BaFGC$dDLC$dUk$erda
=042  \\$aukblsr
=043  \\$as-ag---
=050  00$aF2849.P37$bE93 2017
=100  1\$aBaschetti, Roberto,$eauthor.
=245  10$aEva Perón :$bacción de gobierno y mito popular : más de 300 fotos inéditas /$cRoberto Baschetti ; ilustraciones, Nora Patrich.
=264  \1$a[Buenos Aires, Argentina] :$bJironesdemivida,$c[2017].
=300  \\$a230 pages :$billustrations (some color) ;$c26 cm.
=336  \\$atext$2rdacontent
=337  \\$aunmediated$2rdamedia
=338  \\$avolume$2rdacarrier
=490  0\$aColección "No me olvides" ;$vLibro 4
=600  10$aPerón, Eva,$d1919-1952.
=600  10$aPerón, Eva,$d1919-1952$vPictorial works.
=650  \0$aPresidents' spouses$zArgentina.
=650  \0$aPresidents' spouses$zArgentina$vPictorial works.
=651  \0$aArgentina$xHistory$y1943-1955.
=651  \0$aArgentina$xHistory$y1943-1955$vPictorial works.
=700  1\$aPatrich, Nora,$eillustrator.
=852  41$aBritish Library$bHMNTS$jYF.2021.b.707
=856  41$uhttp://core.cambeiro.com.ar/0-178260-4.pdf
=BUF  2\$aN2$d20170927
=CAT  \\$a6503$b40$c20170908$lBLL01$h0835
=CAT  \\$a11002$b40$c20170927$lBLL01$h1047
=CAT  \\$a11002$b40$c20170927$lBLL01$h1058
=CAT  \\$a11405$b40$c20210915$lBLL01$h1158
=CAT  \\$a11405$b40$c20210915$lBLL01$h1159
=CAT  \\$a7483$b40$c20211005$lBLL01$h1646
=CAT  \\$aBATCH-BUOC$b00$c20211007$lBLL01$h2121
=CAT  \\$aBATCH-UPD$b00$c20211007$lBLL01$h2134
=CAT  \\$aW2308-1659$c20230923$lBLL01$h0935
=FIN  \\$aY$d20121005
=FMT  \\$a  BK
=LAS  \\$aW2308-1659$b00$c20230923$lBLL01$h0935
=SID  \\$aZ39$bOCLC
=SRC  \\$aBLL02

