=LDR  01698cam a2200493 i 4500
=001  018502795
=003  Uk
=005  20210705165055.0
=008  170614s2017\\\\ag\a\\\\\\\\\\000\0dspa\d
=010  \\$a2017371526  
=020  \\$a9789500758420
=035  \\$a(AR-BaFGC)0-187213/0
=035  \\$a(OCoLC) 990349182
=040  \\$aAR-BaFGC$beng$cAR-BaFGC$dDLC$dUk$erda
=042  \\$aukblsr
=043  \\$as-ag---
=050  00$aF2845.33.M33$bD56 2017
=100  1\$aDi Marco, Laura,$eauthor.
=245  10$aMacri :$bhistoria íntima y secreta de la élite argentina que llegó al poder /$cLaura Di Marco.
=264  \1$aBuenos Aires :$bSudamericana,$c[2017]
=300  \\$a412 pages :$billustrations (some color) ;$c23 cm
=336  \\$atext$2rdacontent
=337  \\$aunmediated$2rdamedia
=338  \\$avolume$2rdacarrier
=600  10$aMacri, Mauricio,$d1959-$xPsychology.
=600  10$aMacri, Mauricio$xFriends and associates.
=650  \0$aPresidents$zArgentina.
=651  \0$aArgentina$xPolitics and government$y2002-
=852  41$aBritish Library$bHMNTS$jYF.2021.a.1878
=856  41$uhttp://core.cambeiro.com.ar/0-187213-0.pdf
=BUF  2\$aN2$d20170927
=CAT  \\$a6503$b40$c20170908$lBLL01$h0959
=CAT  \\$a11002$b40$c20170927$lBLL01$h1532
=CAT  \\$a14803$b40$c20210512$lBLL01$h0917
=CAT  \\$a7483$b40$c20210621$lBLL01$h1351
=CAT  \\$aBATCH-BUOC$b00$c20210624$lBLL01$h2119
=CAT  \\$aBATCH-UPD$b00$c20210624$lBLL01$h2136
=CAT  \\$a7483$b40$c20210705$lBLL01$h1650
=CAT  \\$aW2308-1659$c20230923$lBLL01$h0935
=FIN  \\$aY$d20210621
=FMT  \\$a  BK
=LAS  \\$aW2308-1659$b00$c20230923$lBLL01$h0935
=SID  \\$aZ39$bOCLC
=SRC  \\$aBLL02

