=LDR  01701cam a2200433 i 4500
=001  018611903
=003  Uk
=005  20180416082221.0
=008  170829s2017\\\\ag\a\\\\\b\\\\000\0\spa\d
=010  \\$a  2017372145
=020  \\$a9789870297567
=035  \\$a(AR-BaFGC)0-187791/0
=040  \\$aAR-BaFGC$beng$cAR-BaFGC$dDLC$dUk$erda
=042  \\$aukblderived
=043  \\$alsfk---$as-ag---$ae-uk---
=050  00$aF3031.5$b.B46 2017
=100  1\$aBiangardi Delgado, Carlos Alberto,$eauthor.
=245  10$aCuestión Malvinas :$ba 35 años de la Guerra del Atlántico Sur : propuesta para la construcción de una política de Estado /$cCarlos Alberto Biangardi Delgado.
=250  \\$aSegunda edición corregida, ampliada y actualizada a 35 años de la Guerra del Atlántico Sur.
=264  \1$aBuenos Aires :$bEditorial Dunken,$c2017.
=300  \\$a502 pages :$billustrations ;$c23 cm
=336  \\$atext$2rdacontent
=337  \\$aunmediated$2rdamedia
=338  \\$avolume$2rdacarrier
=504  \\$aIncludes bibliographical references (pages 483-502).
=651  \0$aFalkland Islands$xHistory.
=651  \0$aFalkland Islands$xInternational status.
=651  \0$aArgentina$xForeign relations$zGreat Britain.
=651  \0$aGreat Britain$xForeign relations$zArgentina.
=651  \0$aFalkland Islands$xStrategic aspects.
=852  41$aBritish Library$bHMNTS$jYF.2018.a.6506
=856  41$uhttp://core.cambeiro.com.ar/0-187791-0.pdf
=CAT  \\$a9518$b40$c20171117$lBLL01$h1554
=CAT  \\$a10904$b40$c20180416$lBLL01$h0822
=CAT  \\$aW2308-1659$c20230923$lBLL01$h0936
=FIN  \\$aY$d20180416
=FMT  \\$a  BK
=LAS  \\$aW2308-1659$b00$c20230923$lBLL01$h0936
=SRC  \\$aBLL02

