=LDR  01906 am a2200421 i 4500
=001  018611906
=003  Uk
=005  20180220134855.0
=008  170421s2016\\\\ag\ab\\\\b\\\\000\0\spa\d
=010  \\$a  2017371162
=020  \\$a9789506561628$qpaperback
=035  \\$a(AR-BaFGC)0-187028/0
=040  \\$aAR-BaFGC$beng$cAR-BaFGC$dDLC$dUk$erda
=042  \\$aukblderived
=043  \\$as-ag---
=050  00$aHF3389.C65$bC57 2016
=100  1\$aChiaramonte, José Carlos,$eauthor.
=245  10$aMercaderes del litoral :$beconomía y sociedad en la provincia de Corrientes, primera mitad del siglo XIX /$cJosé Carlos Chiaramonte.
=250  \\$a2a edición ampliada.
=264  \1$aCorrientes, Argentina :$bUniversidad Nacional del Nordeste :$bEUDENE,$c[2016]
=300  \\$a526 pages :$billustrations, map ;$c23 cm
=336  \\$atext$2rdacontent
=337  \\$aunmediated$2rdamedia
=338  \\$avolume$2rdacarrier
=500  \\$a"Reúne trabajos elaborados entre los años 1974 y 1985"--Page 51.
=500  \\$aOriginally published: México : Fondo de Cultura Económica, 1991. This edition includes an introductory study by Tomás Elías Zeitler and an important appendix with reviews and journal articles abot this work, interviews with Chiaramonte and Chiaramonte's authobiographical texts.
=504  \\$aIncludes bibliographical references.
=650  \0$aMerchants$zArgentina$zCorrientes (Province)$xHistory$y19th century.
=651  \0$aCorrientes (Argentina : Province)$xCommerce$xHistory$y19th century.
=651  \0$aCorrientes (Argentina : Province)$xEconomic conditions.
=852  41$aBritish Library$bHMNTS$jYF.2018.a.3221
=856  41$uhttp://core.cambeiro.com.ar/0-187028-0.pdf
=CAT  \\$a9518$b40$c20171117$lBLL01$h1601
=CAT  \\$a6923$b40$c20180220$lBLL01$h1348
=FIN  \\$aY$d20180220
=FMT  \\$a  BK
=LAS  \\$a6923$b40$c20180220$lBLL01$h1348
=SRC  \\$aBLL02

