=LDR  01513 am a2200397 i 4500
=001  018611912
=003  Uk
=005  20180123152405.0
=008  160901s2016\\\\ag\a\\\\\b\\\\000\0\spa\d
=010  \\$a  2016366704
=020  \\$a9789873918384
=035  \\$a(AR-BaFGC)0-184329/0
=040  \\$aAR-BaFGC$beng$cAR-BaFGC$dDLC$dUk$erda
=042  \\$aukblderived
=043  \\$as-ag---$as-cl---
=050  00$aHD479.P36$bM34 2016
=100  1\$aMaggiori, Ernesto,$eauthor.
=245  10$aProblemas limítrofes a comienzos del sigo XX, que casi provocan una guerra :$bel caso de la senda de El Manso, la compañía Cochamó en Cholila y el acceso a la tierra en la actualidad /$cErnesto Maggiori.
=264  \1$a[Trelew, Argentina] :$bRemitente Patagonia,$c[2016?]
=300  \\$a157 pages :$billustrations ;$c23 cm
=336  \\$atext$2rdacontent
=337  \\$aunmediated$2rdamedia
=338  \\$avolume$2rdacarrier
=504  \\$aIncludes bibliographical references.
=650  \0$aLand tenure$zPatagonia (Argentina and Chile)$xHistory.
=651  \0$aArgentina$xBoundaries$zChile$xHistory.
=651  \0$aPatagonia (Argentina and Chile)$xHistory.
=651  \0$aChile$xBoundaries$zArgentina$xHistory.
=852  41$aBritish Library$bHMNTS$jYF.2018.a.1022
=856  41$uhttp://core.cambeiro.com.ar/0-184329-0.pdf
=CAT  \\$a9518$b40$c20171117$lBLL01$h1608
=CAT  \\$a11002$b40$c20180123$lBLL01$h1524
=FIN  \\$aY$d20180123
=FMT  \\$a  BK
=LAS  \\$a11002$b40$c20180123$lBLL01$h1524
=SRC  \\$aBLL02

