=LDR  01549cam a2200445 i 4500
=001  018611919
=003  Uk
=005  20180222074056.0
=008  170728s2017\\\\ag\\\\\\\b\\\\000\0\spa\d
=010  \\$a  2017371975
=020  \\$a9789871942909
=035  \\$a(AR-BaFGC)0-159039/30
=035  \\$a(OCoLC) 995878175
=040  \\$aAR-BaFGC$beng$cAR-BaFGC$dDLC$dUk$erda
=042  \\$aukblderived
=043  \\$alsfk---$as-ag---
=050  00$aF3031.5$b.M854 2017
=100  1\$aMuñoz, Jorge,$eauthor.
=245  10$aAl borde del holocausto nuclear :$bhistoria de la trama secreta del apoyo soviético durante la guerra de Malvinas /$cJorge Muñoz.
=250  \\$aPrimera edición.
=264  \1$a[Buenos Aires] :$bEdiciones Argentinidad,$c[2017]
=300  \\$a158 pages ;$c23 cm.
=336  \\$atext$2rdacontent
=337  \\$aunmediated$2rdamedia
=338  \\$avolume$2rdacarrier
=490  0\$aColección Malvinas
=504  \\$aIncludes bibliographical references (pages 157-158).
=650  \0$aFalkland Islands War, 1982.
=650  \0$aNuclear weapons$zArgentina.
=650  \0$aNuclear weapons$zGreat Britain.
=651  \0$aArgentina$xForeign relations$y1955-1983.
=852  41$aBritish Library$bHMNTS$jYF.2018.a.3272
=856  41$uhttp://core.cambeiro.com.ar/0-159039-30.pdf
=CAT  \\$a9518$b40$c20171117$lBLL01$h1615
=CAT  \\$a10904$b40$c20180222$lBLL01$h0740
=CAT  \\$aW2308-1659$c20230923$lBLL01$h0936
=FIN  \\$aY$d20180222
=FMT  \\$a  BK
=LAS  \\$aW2308-1659$b00$c20230923$lBLL01$h0936
=SID  \\$aZ39$bLOC

