=LDR  01316 am a2200397 i 4500
=001  018613041
=003  Uk
=005  20180123154830.0
=008  160725s2016\\\\ag\\\\\\\b\\\\000\0dspa\d
=010  \\$a  2016366449
=020  \\$a9789871942589
=035  \\$a(AR-BaFGC)0-183709/1
=040  \\$aAR-BaFGC$beng$cAR-BaFGC$dDLC$dUk$erda
=042  \\$aukblderived
=043  \\$as-ag---$alsfk---$ae-uk---
=050  00$aF3031.5$b.T495 2016
=100  1\$aTabossi, Ricardo,$eauthor.
=245  13$aLa independencia argentina, de Tucumán a Malvinas /$cRicardo Tabossi.
=250  \\$aPrimera edición.
=264  \1$a[Buenos Aires] :$bEdiciones Argentinidad,$c[2016?]
=300  \\$a100 pages ;$c24 cm.
=336  \\$atext$2rdacontent
=337  \\$aunmediated$2rdamedia
=338  \\$avolume$2rdacarrier
=490  0\$aColección Histórica
=504  \\$aIncludes bibliographical references.
=650  \0$aFalkland Islands War, 1982.
=651  \0$aArgentina$xHistory$xAutonomy and independence movements.
=852  41$aBritish Library$bHMNTS$jYF.2018.a.1003
=856  41$uhttp://core.cambeiro.com.ar/0-183709-1.pdf
=CAT  \\$a9518$b40$c20171120$lBLL01$h0912
=CAT  \\$a11002$b40$c20180123$lBLL01$h1548
=FIN  \\$aY$d20180123
=FMT  \\$a  BK
=LAS  \\$a11002$b40$c20180123$lBLL01$h1548
=SRC  \\$aBLL02

