=LDR  01349 am a2200409 i 4500
=001  018613084
=003  Uk
=005  20180123152228.0
=008  170707s2016\\\\ag\\\\\\\\\\\\000\0\spa\d
=010  \\$a  2017371803
=020  \\$a9789873783401
=035  \\$a(AR-BaFGC)0-186605/0
=035  \\$a(OCoLC) 993639174
=040  \\$aAR-BaFGC$beng$cAR-BaFGC$dDLC$dUk$erda
=042  \\$aukblcatcopy
=043  \\$as-ag---
=050  00$aF2817$b.T86 2016
=100  1\$aTunnard, Daniel,$d1976-$eauthor.
=245  10$aTrenspotting en los ferrocarriles argentinos /$cDaniel Tunnard.
=264  \1$aCiudad de Buenos Aires, Argentina :$bMarea Editorial,$c[2016]
=300  \\$a315 pages ;$c24 cm
=336  \\$atext$2rdacontent
=337  \\$aunmediated$2rdamedia
=338  \\$avolume$2rdacarrier
=600  10$aTunnard, Daniel,$d1976-$xTravel.
=650  \0$aRailroads$zArgentina.
=651  \0$aArgentina$xDescription and travel.
=651  \0$aArgentina$xSocial life and customs$y21st century.
=852  41$aBritish Library$bHMNTS$jYF.2018.a.1005
=856  41$uhttp://core.cambeiro.com.ar/0-186605-0.pdf
=CAT  \\$a9518$b40$c20171120$lBLL01$h0941
=CAT  \\$aBATCH-UPD$b40$c20171120$lBLL01$h0942
=CAT  \\$a11002$b40$c20180123$lBLL01$h1522
=FIN  \\$aY$d20180123
=FMT  \\$a  BK
=LAS  \\$a11002$b40$c20180123$lBLL01$h1522
=SRC  \\$aBLL02

