=LDR  01488 am a2200397 i 4500
=001  018641945
=003  Uk
=005  20180416110523.0
=008  170320s2016\\\\ag\a\\\\\b\\\\000\0\spa\d
=010  \\$a  2017371334
=020  \\$a9789874603555
=035  \\$a(AR-BaFGC)0-184836/0
=035  \\$a(OCoLC) 982316471
=040  \\$aAR-BaFGC$beng$cAR-BaFGC$dDLC$dUk$erda
=042  \\$aukblderived
=043  \\$as-ag---
=050  00$aPQ7671$b.M68 2016
=100  1\$aMoscardi, Matías,$d1983-$eauthor.
=245  13$aLa máquina de hacer libritos :$bpoesía argentina y editoriales interdependientes en la década de los noventa /$cMatías Moscardi.
=264  \1$aMar del Plata, Argentina :$bPuente Aéreo,$c[2016]
=300  \\$a333 pages :$billustrations ;$c20 cm
=336  \\$atext$2rdacontent
=337  \\$aunmediated$2rdamedia
=338  \\$avolume$2rdacarrier
=500  \\$aOriginally presented as the author's thesis (doctoral)--Universidad Nacional de Mar del Plata.
=504  \\$aIncludes bibliographical references (pages 313-333).
=650  \0$aArgentine poetry$y20th century$xPublishing.
=650  \0$aArgentine poetry$y20th century$xHistory and criticism.
=852  41$aBritish Library$bHMNTS$jYF.2018.a.6509
=856  41$uhttp://core.cambeiro.com.ar/0-184836-0.pdf
=CAT  \\$a11253$b40$c20171208$lBLL01$h1352
=CAT  \\$a10904$b40$c20180416$lBLL01$h1105
=FIN  \\$aY$d20180416
=FMT  \\$a  BK
=LAS  \\$a10904$b40$c20180416$lBLL01$h1105
=SRC  \\$aBLL02

