=LDR  01758 am a2200469 i 4500
=001  018641973
=003  Uk
=005  20180221114348.0
=008  160620s2016\\\\ag\a\\\\\b\\\\000\0\spa\d
=010  \\$a  2016366219
=020  \\$a9789873864254
=035  \\$a(AR-BaFGC)0-162799/44
=040  \\$aAR-BaFGC$beng$cAR-BaFGC$dDLC$dUk$erda
=041  0\$aspa$aita
=042  \\$aukblderived
=043  \\$as-ag---$ae-it---
=050  00$aPC1938.Z9$bP545 2016
=100  1\$aGiolitto, Marco,$eauthor.
=245  10$aPalabras de gringos :$bel uso del piamontés en la vida cotidiana de los habitantes de la Pampa gringa /$cMarco Giolitto.
=264  \1$aRosario :$bProhistoria Ediciones,$c2016.
=300  \\$a224 pages :$billustrations ;$c23 cm.
=336  \\$atext$2rdacontent
=337  \\$aunmediated$2rdamedia
=338  \\$avolume$2rdacarrier
=490  0\$aColección Universidad ;$v47
=500  \\$aBased on the author's thesis (doctoral--Universität Basel).
=500  \\$aPublished in Rosario, Santa Fe, Argentina.
=500  \\$a"Cuestionario": pages 221-224.
=500  \\$a"Ficha biográfica": page 225.
=504  \\$aIncludes bibliographical references.
=546  \\$aChiefly in Spanish with one preface in Italian.
=650  \0$aItalian language$xDialects$zItaly$zPiedmont.
=650  \0$aItalian language$xDialects$zArgentina$zSanta Fe (Province)
=650  \0$aItalian language$xDialects$zArgentina$zCórdoba (Province)
=852  41$aBritish Library$bHMNTS$jYF.2018.a.3283
=856  41$uhttp://core.cambeiro.com.ar/0-162799-44.pdf
=CAT  \\$a11253$b40$c20171208$lBLL01$h1415
=CAT  \\$a10904$b40$c20180221$lBLL01$h1143
=FIN  \\$aY$d20180221
=FMT  \\$a  BK
=LAS  \\$a10904$b40$c20180221$lBLL01$h1143
=SID  \\$aZ39$bLOC

