=LDR  01276 am a2200397 i 4500
=001  018644668
=003  Uk
=005  20180416111601.0
=008  170125s2016\\\\ag\\\\\\\\\\\\000\1\spa\d
=010  \\$a  2016366942
=020  \\$a9789873793950
=035  \\$a(AR-BaFGC)0-89142/7
=040  \\$aAR-BaFGC$beng$cAR-BaFGC$dDLC$dUk$erda
=042  \\$aukblderived
=043  \\$as-ag---$as------
=050  00$aF2230.1.S7$bU33 2016
=100  1\$aUhart, Hebe,$eauthor.
=245  10$aDe aquí para allá /$cHebe Uhart.
=250  \\$a1a edición en Argentina.
=264  \1$a[Buenos Aires] :$bAdriana Hidalgo Editora,$c[2016]
=300  \\$a183 pages ;$c20 cm.
=336  \\$atext$2rdacontent
=337  \\$aunmediated$2rdamedia
=338  \\$avolume$2rdacarrier
=490  0\$aLa lengua. Crónica
=600  10$aUhart, Hebe$xTravel$zSouth America.
=650  \0$aIndians of South America$xSocial life and customs.
=651  \0$aSouth America$xDescription and travel.
=852  41$aBritish Library$bHMNTS$jYF.2018.a.6512
=856  41$uhttp://core.cambeiro.com.ar/0-89142-7.pdf
=CAT  \\$a11253$b40$c20171212$lBLL01$h1156
=CAT  \\$a10904$b40$c20180416$lBLL01$h1116
=FIN  \\$aY$d20180416
=FMT  \\$a  BK
=LAS  \\$a10904$b40$c20180416$lBLL01$h1116
=SRC  \\$aBLL02

