=LDR  02454 am a2200433 i 4500
=001  018647098
=003  Uk
=005  20180302141153.0
=008  170321s2016\\\\ag\a\\\\\b\\\\000\0\spa\d
=010  \\$a  2017371503
=020  \\$a9789876145282
=035  \\$a(AR-BaFGC)0-184817/0
=035  \\$a(OCoLC) 982313304
=040  \\$aAR-BaFGC$beng$cAR-BaFGC$dDLC$dUk$erda
=042  \\$aukblderived
=043  \\$as-ag---
=050  00$aHD2769.2.A7$bR47 2016
=245  00$aRepensar la inclusión social :$bpolíticas públicas y sociedad civil en la Argentina (1991-2006) /$cEleonor Faur (compiladora) ; Daniel Arroyo, Inés Dussel, Silvia Gascón, Claudia Jacinto, Gabriel Kessler, Mario Roitter, Federico Tobar.
=264  \1$aBuenos Aires, Argentina :$bCapital Intelectual,$c[2016]
=300  \\$a219 pages :$billustrations ;$c23 cm
=336  \\$atext$2rdacontent
=337  \\$aunmediated$2rdamedia
=338  \\$avolume$2rdacarrier
=504  \\$aIncludes bibliographical references.
=505  0\$aFundación Tzedaká : un modelo de intervención social integral -- Ideas y acciones en un contexto de cambio constante / Gabriel Kessler -- El aporte de las organizaciones de la sociedad civil y los voluntarios al bienestar en Argentina / Mario Roitter -- El rol de las organizaciones sociales en las políticas de inclusión socioeducativa (1991-2015) / Inés Dusssel -- Redefiniendo la empleabilidad en lso progrmas de formación e inserción laborald e jóvenes : el rol de las organizaciones de la sociedad civil / Claudia Jacinto -- Políticas sociales y adultos mayores en Argentina / Silvia Gascón -- Avances y desafíos en la construcción del acceso a los medicamentos en Argentina / Federico Tobar -- El desafío de un segunda generación de políticas sociales / Daniel Arroyo.
=650  \0$aNonprofit organizations$zArgentina.
=650  \0$aSocial service$zArgentina.
=651  \0$aArgentina$xSocial policy.
=700  1\$aFaur, Eleonor,$eeditor.
=700  12$iContainer of (work):$aGascón, Silvia.$tPolíticas sociales y adultos mayores en Argentina.
=852  41$aBritish Library$bHMNTS$jYF.2018.a.3814
=856  41$uhttp://core.cambeiro.com.ar/0-184817-0.pdf
=CAT  \\$a11253$b40$c20171213$lBLL01$h0821
=CAT  \\$a11002$b40$c20180302$lBLL01$h1401
=CAT  \\$a11002$b40$c20180302$lBLL01$h1411
=FIN  \\$aY$d20180302
=FMT  \\$a  BK
=LAS  \\$a11002$b40$c20180302$lBLL01$h1411
=SRC  \\$aBLL02

