=LDR  01487 am a2200421 i 4500
=001  018647099
=003  Uk
=005  20180302091008.0
=008  160706e201603\\ag\\\\\\\b\\\\000\0\spa\d
=010  \\$a  2016366259
=020  \\$a9789502325514
=035  \\$a(AR-BaFGC)0-6013/36
=040  \\$aAR-BaFGC$beng$cAR-BaFGC$dDLC$dUk$erda
=042  \\$aukblcatcopy
=043  \\$as-ag---
=050  00$aBX1462.3$b.G56 2016
=100  1\$aGiménez Béliveau, Verónica,$eauthor.
=245  10$aCatólicos militantes :$bsujeto, comunidad e institución en la Argentina /$cVerónica Giménez Béliveau ; prólogos de Danièle Hervieru-Léger y Fortunato Mallimaci.
=250  \\$a1a edición.
=264  \1$aCiudad de Buenos Aires :$bEudeba,$cmarzo de 2016.
=300  \\$a359 pages ;$c23 cm.
=336  \\$atext$2rdacontent
=337  \\$aunmediated$2rdamedia
=338  \\$avolume$2rdacarrier
=490  0\$aLectores
=504  \\$aIncludes bibliographical references (pages 347-359).
=610  20$aCatholic Church$zArgentina.
=610  20$aCatholic Church$xSocieties, etc.
=650  \0$aChurch renewal$xCatholic Church.
=852  41$aBritish Library$bHMNTS$jYF.2018.a.3829
=856  41$uhttp://core.cambeiro.com.ar/0-6013-36.pdf
=CAT  \\$a11253$b40$c20171213$lBLL01$h0823
=CAT  \\$a11002$b40$c20180302$lBLL01$h0908
=CAT  \\$a11002$b40$c20180302$lBLL01$h0910
=FIN  \\$aY$d20180302
=FMT  \\$a  BK
=LAS  \\$a11002$b40$c20180302$lBLL01$h0910
=SRC  \\$aBLL02

