=LDR  01537 am a2200409 i 4500
=001  018647100
=003  Uk
=005  20180319094339.0
=008  160330s2016\\\\ag\a\\\\\b\\\\000\0\spa\d
=010  \\$a  2016365999
=020  \\$a9789876914635
=035  \\$a(AR-BaFGC)0-151603/14
=040  \\$aAR-BaFGC$beng$cAR-BaFGC$dDLC$dUk$erda
=042  \\$aukblderived
=043  \\$as-ag---
=050  00$aF2823.T7$bG64 2015
=100  1\$aGómez, Mariana Daniela,$eauthor.
=245  10$aGuerreras y tímidas doncellas del Pilcomayo :$buna etnografía sobre las mujeres tobas (qom) del oeste de Formosa /$cMariana Daniela Gómez.
=264  \1$aBuenos Aires :$bBiblos,$c[2016]
=300  \\$a397 pages :$billustrations ;$c23 cm.
=336  \\$atext$2rdacontent
=337  \\$aunmediated$2rdamedia
=338  \\$avolume$2rdacarrier
=490  0\$aCulturalia
=500  \\$aBased on the author's thesis (doctoral)--Universidad de Buenos Aires, 2011.
=504  \\$aIncludes bibliographical references (pages 373-397).
=650  \0$aToba women$zArgentina$zFormosa (Province)$xSocial conditions.
=650  \0$aToba Indians$xMissions$zArgentina$zFormosa (Province)
=650  \0$aAnglicans$xMissions$zArgentina$zFormosa (Province)
=852  41$aBritish Library$bHMNTS$jYF.2018.a.4754
=856  41$uhttp://core.cambeiro.com.ar/0-151603-14.pdf
=CAT  \\$a11253$b40$c20171213$lBLL01$h0826
=CAT  \\$a11131$b40$c20180319$lBLL01$h0943
=FIN  \\$aY$d20180319
=FMT  \\$a  BK
=LAS  \\$a11131$b40$c20180319$lBLL01$h0943
=SRC  \\$aBLL02

