=LDR  02000cam a2200529 i 4500
=001  018647123
=003  Uk
=005  20210527000801.0
=008  161116s2016\\\\ag\a\\\\\b\\\\000\0bspa\d
=010  \\$a  2016366886
=020  \\$a9789873864469
=020  \\$a9873864466
=020  \\$z9789873864384
=035  \\$a(OCoLC)982129610
=040  \\$aAR-BaFGC$beng$cDLC$dCUY$dOCLCF$dARFGC$dOCLCO$dUk$erda
=042  \\$aukblsr
=043  \\$as-bo---$as-pe---
=050  00$aF3324.S26$bF47 2016
=100  1\$aFernández N., M. Elisa$q(María Elisa),$eauthor.
=245  13$aUn imaginario nacional :$bel mariscal Santa Cruz y la confederación peruano-boliviana /$cM. Elisa Fernández N.
=264  \1$aRosario [Argentina] :$bProhistoria Ediciones,$c2016.
=300  \\$a170 pages :$billustrations (some color) ;$c23 cm
=336  \\$atext$2rdacontent
=337  \\$aunmediated$2rdamedia
=338  \\$avolume$2rdacarrier
=500  \\$a"Fuentes": pages 155-161.
=504  \\$aIncludes bibliographical references (pages 163-170).
=600  10$aSanta Cruz, Andrés,$d1792-1865.
=600  17$aSanta Cruz, Andrés,$d1792-1865$2fast$0(OCoLC)fst00117698
=648  \7$a1825-1879$2fast
=650  \0$aPresidents$zBolivia.
=650  \7$aPresidents.$2fast$0(OCoLC)fst01075723
=651  \0$aBolivia$xHistory$y1825-1879.
=651  \0$aPeru-Bolivian Confederation$xHistory.
=651  \7$aBolivia.$2fast$0(OCoLC)fst01205549
=651  \7$aSouth America$zPeru-Bolivian Confederation.$2fast$0(OCoLC)fst01271238
=655  \7$aHistory.$2fast$0(OCoLC)fst01411628
=852  41$aBritish Library$bHMNTS$jYF.2021.a.1621
=856  41$uhttp://core.cambeiro.com.ar/0-184871-0.pdf
=CAT  \\$a11253$b40$c20171213$lBLL01$h0921
=CAT  \\$a6923$b40$c20180220$lBLL01$h1352
=CAT  \\$a11433$b40$c20210506$lBLL01$h1646
=CAT  \\$a11342$b40$c20210527$lBLL01$h0008
=CAT  \\$aW2308-1659$c20230923$lBLL01$h0937
=FMT  \\$a  BK
=LAS  \\$aW2308-1659$b00$c20230923$lBLL01$h0937
=SID  \\$aZ39$bOCLC

