=LDR  01362 am a2200397 i 4500
=001  018647127
=003  Uk
=005  20180221105322.0
=008  161013e201609\\ag\a\\\\\b\\\\000\0\spa\d
=010  \\$a  2016366689
=020  \\$a9789876284219
=035  \\$a(AR-BaFGC)0-125398/50
=040  \\$aAR-BaFGC$beng$cAR-BaFGC$dDLC$dUk$erda
=042  \\$aukblderived
=043  \\$as-ag---
=050  00$aHC175$b.G4465 2016
=100  1\$aGerchunoff, Pablo,$eauthor.
=245  13$aEl eslabón perdido :$bla economía política de los gobiernos radicales (1916-1930) /$cPablo Gerchunoff.
=250  \\$aPrimera edición.
=264  \1$aBuenos Aires :$bEdhasa,$c2016.
=300  \\$a269 pages :$billustrations ;$c22 cm
=336  \\$atext$2rdacontent
=337  \\$aunmediated$2rdamedia
=338  \\$avolume$2rdacarrier
=504  \\$aIncludes bibliographical references (pages 245-269).
=650  \0$aRadicalism$zArgentina$xHistory$y20th century.
=651  \0$aArgentina$xEconomic policy.
=651  \0$aArgentina$xPolitics and government$y1910-1943.
=852  41$aBritish Library$bHMNTS$jYF.2018.a.3230
=856  41$uhttp://core.cambeiro.com.ar/0-125398-50.pdf
=CAT  \\$a11253$b40$c20171213$lBLL01$h0924
=CAT  \\$a10904$b40$c20180221$lBLL01$h1053
=FIN  \\$aY$d20180221
=FMT  \\$a  BK
=LAS  \\$a10904$b40$c20180221$lBLL01$h1053
=SRC  \\$aBLL02

