=LDR  01618 am a2200433 i 4500
=001  018647130
=003  Uk
=005  20180319075443.0
=008  170606s2016\\\\ag\a\\\\\b\\\\000\0\spa\d
=010  \\$a  2017371432
=020  \\$a9789873864483
=035  \\$a(AR-BaFGC)0-124359/6
=035  \\$a(OCoLC) 985471545
=040  \\$aAR-BaFGC$beng$cAR-BaFGC$dDLC$dUk$erda
=042  \\$aukblderived
=043  \\$as-pe---
=050  00$aF3444$b.M333 2016
=100  1\$aMorong Reyes, Germán,$eauthor.
=245  10$aSaberes hegemónicos y dominio colonial :$blos indios en el Gobierno del Perú de Juan de Matienzo (1567) /$cGermán Morong Reyes.
=264  \1$aRosario :$bProhistoria Ediciones,$c2016.
=300  \\$a323 pages :$billustrations ;$c22 cm.
=336  \\$atext$2rdacontent
=337  \\$aunmediated$2rdamedia
=338  \\$avolume$2rdacarrier
=490  0\$aColección Historia moderna ;$v7
=500  \\$aPublished in Rosario, Santa Fe, Argentina.
=500  \\$aBased on the author's thesis (doctoral)--Universidad de Santiago de Chile, 2016.
=504  \\$aIncludes bibliographical references (pages 295-323).
=600  10$aMatienzo, Juan de,$d1520-1579.$tGobierno del Perú.
=650  \0$aIndians of South America$zPeru$xHistory$y16th century.
=651  \0$aPeru$xHistory$y1548-1820.
=852  41$aBritish Library$bHMNTS$jYF.2018.a.4748
=856  41$uhttp://core.cambeiro.com.ar/0-124359-6.pdf
=CAT  \\$a11253$b40$c20171213$lBLL01$h0930
=CAT  \\$a11131$b40$c20180319$lBLL01$h0754
=FIN  \\$aY$d20180319
=FMT  \\$a  BK
=LAS  \\$a11131$b40$c20180319$lBLL01$h0754
=SRC  \\$aBLL02

