=LDR  01542 am a2200433 i 4500
=001  018647133
=003  Uk
=005  20180222074629.0
=008  170330s2017\\\\ag\\\\\\\b\\\\000\0\spa\d
=010  \\$a  2017371171
=020  \\$a9789873864537
=035  \\$a(AR-BaFGC)0-153321/5
=035  \\$a(OCoLC) 983212080
=040  \\$aAR-BaFGC$beng$cAR-BaFGC$dDLC$dUk$erda
=042  \\$aukblderived
=043  \\$as-ag---
=050  00$aHN263.5$b.O88 2017
=100  1\$aOsuna, Florencia,$eauthor.
=245  13$aLa intervención social del Estado :$bel Ministerio de Bienestar Social entre dos dictaduras (Argentina, 1966-1983) /$cMaría Florencia Osuna.
=264  \1$aRosario, Argentina :$bProhistoria Ediciones,$c[2017]
=300  \\$a261 pages ;$c23 cm.
=336  \\$atext$2rdacontent
=337  \\$aunmediated$2rdamedia
=338  \\$avolume$2rdacarrier
=490  0\$aTiempo presente ;$v8
=504  \\$aIncludes bibliographical references.
=610  10$aArgentina.$bMinisterio de Bienestar Social$xHistory.
=650  \0$aSocial security$xGovernment policy$zArgentina.
=651  \0$aArgentina$xSocial policy.
=651  \0$aArgentina$xPolitics and government$y1955-1983.
=852  41$aBritish Library$bHMNTS$jYF.2018.a.3276
=856  41$uhttp://core.cambeiro.com.ar/0-153321-5.pdf
=CAT  \\$a11253$b40$c20171213$lBLL01$h0935
=CAT  \\$aBATCH-UPD$b40$c20171213$lBLL01$h0935
=CAT  \\$a10904$b40$c20180222$lBLL01$h0746
=FIN  \\$aY$d20180222
=FMT  \\$a  BK
=LAS  \\$a10904$b40$c20180222$lBLL01$h0746
=SRC  \\$aBLL02

