=LDR  01725 am a2200421 i 4500
=001  018647144
=003  Uk
=005  20180124083245.0
=008  170417s2016\\\\ag\\\\\\\b\\\f000\0\spa\d
=010  \\$a  2017371180
=020  \\$a9789876551281
=035  \\$a(AR-BaFGC)0-175664/16
=040  \\$aAR-BaFGC$beng$cAR-BaFGC$dDLC$dUk$erda
=042  \\$aukblderived
=043  \\$as-ag---
=050  00$aF3001.3$b.C36 2016
=100  1\$aCantera, Carmen Susana,$eauthor.
=245  10$aDéspotas, invasores, usurpadores y anarquistas :$brepresentaciones rioplatenses de los 'otros' : enemigos y extranjeros durante las primeras décadas del siglo XIX /$cCarmen Susana Cantera.
=264  \1$aBahía Blanca, Argentina :$bEdiUNS,$c[2016]
=300  \\$a266 pages ;$c21 cm.
=336  \\$atext$2rdacontent
=337  \\$aunmediated$2rdamedia
=338  \\$avolume$2rdacarrier
=490  0\$aSerie Extensión. Colección Ciencias sociales y humanidades
=500  \\$aSubseries title on cover: Colección Estudios sociales y humanidades.
=500  \\$aOriginally presented as the author's thesis (doctoral)--Universidad Nacional del Sur.
=504  \\$aIncludes bibliographical references.
=650  \0$aEnemies$zArgentina$zBuenos Aires$xHistory$y19th century$xSources.
=650  \0$aAliens$zArgentina$zBuenos Aires$xHistory$y19th century$xSources.
=651  \0$aBuenos Aires (Argentina)$xHistory$y19th century.
=852  41$aBritish Library$bHMNTS$jYF.2018.a.1030
=856  41$uhttp://core.cambeiro.com.ar/0-175664-16.pdf
=CAT  \\$a11253$b40$c20171213$lBLL01$h0946
=CAT  \\$a11002$b40$c20180124$lBLL01$h0832
=FIN  \\$aY$d20180124
=FMT  \\$a  BK
=LAS  \\$a11002$b40$c20180124$lBLL01$h0832
=SRC  \\$aBLL02

