=LDR  01272 am a2200385 i 4500
=001  018647267
=003  Uk
=005  20180220140311.0
=008  170601s2017\\\\ag\\\\\\\b\\\\000\0\spa\d
=010  \\$a  2017371339
=020  \\$a9789876843072$qpaperback
=035  \\$a(AR-BaFGC)0-111769/10
=035  \\$a(OCoLC) 988615206
=040  \\$aAR-BaFGC$beng$cAR-BaFGC$dDLC$dUk$erda
=042  \\$aukblderived
=043  \\$as-ag---
=050  00$aHJ8569$b.G353 2017
=100  1\$aGalasso, Norberto,$eauthor.
=245  10$aTriunfo buitre :$bla deuda externa argentina : de los Kirchner a Macri /$cNorberto Galasso.
=264  \1$aBuenos Aires, Argentina :$bColihue,$c[2017]
=300  \\$a251 pages ;$c22 cm.
=336  \\$atext$2rdacontent
=337  \\$aunmediated$2rdamedia
=338  \\$avolume$2rdacarrier
=490  0\$aEncrucijadas
=504  \\$aIncludes bibliographical references (page 251).
=650  \0$aDebts, External$zArgentina$xHistory$y21st century.
=852  41$aBritish Library$bHMNTS$jYF.2018.a.3223
=856  41$uhttp://core.cambeiro.com.ar/0-111769-10.pdf
=CAT  \\$a11253$b40$c20171213$lBLL01$h1120
=CAT  \\$a6923$b40$c20180220$lBLL01$h1403
=FIN  \\$aY$d20180220
=FMT  \\$a  BK
=LAS  \\$a6923$b40$c20180220$lBLL01$h1403
=SRC  \\$aBLL02

