=LDR  01372 am a2200409 i 4500
=001  018647277
=003  Uk
=005  20180310112618.0
=008  160627e201604\\ag\\\\\\\b\\\\000\0\spa\d
=010  \\$a  2016366034
=020  \\$a9789876284004
=035  \\$a(AR-BaFGC)0-183131/0
=040  \\$aAR-BaFGC$beng$cAR-BaFGC$dDLC$dUk$erda
=042  \\$aukblderived
=043  \\$acl-----
=050  00$aE59.E75$bS93 2016
=100  1\$aSvampa, Maristella,$eauthor.
=245  10$aDebates latinoamericanos :$bindianismo, desarrollo, dependencia y populismo /$cMaristella Svampa.
=250  \\$aPrimera edición.
=264  \1$aBuenos Aires :$bEdhasa,$cabril de 2016.
=300  \\$a562 pages ;$c23 cm
=336  \\$atext$2rdacontent
=337  \\$aunmediated$2rdamedia
=338  \\$avolume$2rdacarrier
=504  \\$aIncludes bibliographical references (pages 505-562).
=650  \0$aIndians$xEthnic identity.
=650  \0$aPopulism$zLatin America.
=650  \0$aEconomic development$zLatin America.
=651  \0$aLatin America$xDependency on foreign countries.
=852  41$aBritish Library$bHMNTS$jYF.2018.a.4208
=856  41$uhttp://core.cambeiro.com.ar/0-183131-0.pdf
=CAT  \\$a11253$b40$c20171213$lBLL01$h1128
=CAT  \\$a10904$b40$c20180310$lBLL01$h1126
=FIN  \\$aY$d20180310
=FMT  \\$a  BK
=LAS  \\$a10904$b40$c20180310$lBLL01$h1126
=SRC  \\$aBLL02

