=LDR  02920 am a2200445 i 4500
=001  018647280
=003  Uk
=005  20180621081222.0
=008  170515s2017\\\\ag\a\\\\\b\\\\001\0\spa\d
=010  \\$a  2017371286
=020  \\$a9789507932496
=035  \\$a(AR-BaFGC)0-91679/96
=035  \\$a(OCoLC) 987622591
=040  \\$aAR-BaFGC$beng$cAR-BaFGC$dDLC$dUk$erda
=042  \\$aukblderived
=043  \\$as-ag---
=050  00$aHQ799.2.P6$bM539 2017
=245  00$aMilitancias juveniles en la Argentina democrática :$btrayectorias, espacios y figuras de activismo /$cMelina Vázquez, Pablo Vommaro, Pedro Núñez y Rafael Blanco.
=264  \1$a[Buenos Aires] :$bEdiciones Imago Mundi,$c[2017]
=300  \\$a213 pages :$billustrations ;$c22 cm.
=336  \\$atext$2rdacontent
=337  \\$aunmediated$2rdamedia
=338  \\$avolume$2rdacarrier
=490  0\$aColección Bitácora argentina
=504  \\$aIncludes bibliographical references (pages 197-210) and index.
=505  0\$aOtros caminos, otros destinos : transformaciones en los espacios y prácticas cotidianas de participación juvenil en los años ochenta / Rafael Blanco y Pablo Vommaro -- Un papel protagónico que cumplir : las juentudes en las políticas públicas de los ochenta en Argentina / Mariana Liguori y Analía García -- Un llamado a la unidad : la experiencia del Movimiento de Juventudes Políticas (MOJUPO) en la transición a la democracia / Marina Larrondo y Alejandro Cozachcow -- Carreras, retratos y relatos militantes : la transición democrática dede una mirada biográfica / Melina Vázquez y Marina Larrondo -- Jóvenes en territorio : política y espacialidad colectiva en barrios del sur del Gran Buenos Aires entre los años ochenta y la actualidad / Pablo Vommaro y Arley Giovanny Daza -- Estilos de hacer política en la escuela secundaria : un estudio de la participación juvenil en dos escenas históricas (1982-1987 y 2010-2015) / Pedro Níñez, Fira Chmiel y Estefanía Otero -- Fotografías de las juventudes militantes en Argentina : un análisis de los compromisos políticos juveniles en el Movimiento Evita, el Partido Socialista y el PRO entre 2013 y 2015 / Melina Vázquez, Dolores Roca Rivarola y Alejandro Cozachcow.
=650  \0$aYouth$xPolitical activity$zArgentina$xHistory$y1983-
=700  1\$aVázquez, Melina,$eeditor.
=700  1\$aVommaro, Pablo,$eeditor.
=700  1\$aNúñez, Pedro,$d1974-$eeditor.
=700  1\$aBlanco, Rafael,$eeditor.
=700  12$iContainer of (work):$aVázquez, Melina.$tCarreras, retratos y relatos militantes.
=852  41$aBritish Library$bHMNTS$jYF.2018.a.10497
=856  41$uhttp://core.cambeiro.com.ar/0-91679-96.pdf
=CAT  \\$a11253$b40$c20171213$lBLL01$h1130
=CAT  \\$a10904$b40$c20180621$lBLL01$h0812
=FIN  \\$aY$d20180621
=FMT  \\$a  BK
=LAS  \\$a10904$b40$c20180621$lBLL01$h0812
=SRC  \\$aBLL02

