=LDR  01699 am a2200469 i 4500
=001  018647281
=003  Uk
=005  20180220132912.0
=008  171010s2016\\\\ag\a\\\\\b\\\\000\0\spa\c
=010  \\$a  2017371195
=020  \\$a9789874073068
=020  \\$a9874073063
=020  \\$a9789874073075
=020  \\$a9874073071
=035  \\$a(OCoLC)1005738019
=040  \\$aSTF$beng$cSTF$dDLC$dOCLCO$dUk$erda
=042  \\$aukblderived
=043  \\$as-ag---
=050  \4$aF2821.3.R4$bB53 2016
=100  1\$aBianchetti, María Cristina,$eauthor.
=245  10$aTras los rituales de Pachamama :$bcostumbres, creencias, ritos y ceremonias en el Noroeste Argentino /$cMaría Cristina Bianchetti.
=250  \\$a2a ed.
=264  \1$aSalta :$bEditorial Hanne,$c2016.
=300  \\$a204 pages :$billustrations ;$c26 cm
=336  \\$atext$2rdacontent
=337  \\$aunmediated$2rdamedia
=338  \\$avolume$2rdacarrier
=504  \\$aIncludes bibliographical references (pages 197-202).
=650  \0$aPacamama (Goddess)$xCult$zArgentina, Northwest.
=650  \0$aMother goddesses$zArgentina, Northwest.
=650  \0$aIndian goddesses$zArgentina, Northwest.
=650  \0$aIndians of South America$zArgentina, Northwest$xReligion.
=650  \0$aIndians of South America$zArgentina, Northwest$xRites and ceremonies.
=651  \0$aArgentina, Northwest$xReligious life and customs.
=852  41$aBritish Library$bHMNTS$jYF.2018.b.209
=856  41$uhttp://core.cambeiro.com.ar/0-186186-0.pdf
=CAT  \\$a11253$b40$c20171213$lBLL01$h1131
=CAT  \\$a6923$b40$c20180220$lBLL01$h1329
=FIN  \\$aY$d20180220
=FMT  \\$a  BK
=LAS  \\$a6923$b40$c20180220$lBLL01$h1329
=SID  \\$aZ39$bOCLC

