=LDR  01416 am a2200397 i 4500
=001  018647288
=003  Uk
=005  20180302150921.0
=008  160726s2016\\\\ag\\\\\\\b\\\\000\0\spa\d
=010  \\$a  2016366408
=020  \\$a9789870289760
=035  \\$a(AR-BaFGC)0-183343/0
=040  \\$aAR-BaFGC$beng$cAR-BaFGC$dDLC$dUk$erda
=042  \\$aukblderived
=043  \\$alsfk---$as-ag---$ae-uk---
=050  00$aF3031$b.P415 2016
=100  1\$aPeña, Manuel Pedro,$eauthor.
=245  10$aMalvinas :$bmito y realidad : un análisis crítico desde los primeros avistamiento hasta la consolidación de los derechos /$cManuel Pedro Peña.
=264  \1$aBuenos Aires :$bEditorial Dunken,$c2016.
=300  \\$a487 pages ;$c23 cm
=336  \\$atext$2rdacontent
=337  \\$aunmediated$2rdamedia
=338  \\$avolume$2rdacarrier
=504  \\$aIncludes bibliographical references.
=651  \0$aFalkland Islands$xHistory.
=651  \0$aFalkland Islands$xInternational status.
=651  \0$aArgentina$xForeign relations$zGreat Britain.
=651  \0$aGreat Britain$xForeign relations$zArgentina.
=852  41$aBritish Library$bHMNTS$jYF.2018.a.3828
=856  41$uhttp://core.cambeiro.com.ar/0-183343-0.pdf
=CAT  \\$a11253$b40$c20171213$lBLL01$h1138
=CAT  \\$a11002$b40$c20180302$lBLL01$h1509
=FIN  \\$aY$d20180302
=FMT  \\$a  BK
=LAS  \\$a11002$b40$c20180302$lBLL01$h1509
=SRC  \\$aBLL02

