=LDR  01291 am a2200373 i 4500
=001  018647318
=003  Uk
=005  20181102085959.0
=008  160816s2016\\\\ag\a\\\\\b\\\\000\0dspa\d
=010  \\$a  2016366779
=020  \\$a9789500754613
=035  \\$a(AR-BaFGC)0-109555/114
=040  \\$aAR-BaFGC$beng$cAR-BaFGC$dDLC$dUk$erda
=042  \\$aukblderived
=043  \\$as-ag---
=050  00$aF2849.2$b.Y615 2016
=100  1\$aYofre, Juan Bautista,$d1946-$eauthor.
=245  10$a1976 :$bla conspiración : 24 de marzo, civiles y militares en el día que cambió la Argentina /$cJuan B. Yofre.
=264  \1$aBuenos Aires :$bSudamericana,$c[2016]
=300  \\$a443 pages :$billustrations ;$c24 cm
=336  \\$atext$2rdacontent
=337  \\$aunmediated$2rdamedia
=338  \\$avolume$2rdacarrier
=504  \\$aIncludes bibliographical references.
=651  \0$aArgentina$xHistory$yCoup d'état, 1976.
=651  \0$aArgentina$xPolitics and government$y1955-1983.
=852  41$aBritish Library$bHMNTS$jYF.2018.a.18960
=856  41$uhttp://core.cambeiro.com.ar/0-109555-114.pdf
=CAT  \\$a11253$b40$c20171213$lBLL01$h1310
=CAT  \\$a10904$b40$c20181102$lBLL01$h0859
=FIN  \\$aY$d20181102
=FMT  \\$a  BK
=LAS  \\$a10904$b40$c20181102$lBLL01$h0859
=SRC  \\$aBLL02

