=LDR  02017 am a2200529 i 4500
=001  018647320
=003  Uk
=005  20200928154329.0
=008  180108s2017\\\\ag\a\\\\\b\\\\000\0dspa\d
=010  \\$a2017372235  
=020  \\$a9789500758673
=020  \\$a9500758679
=035  \\$a(OCoLC)1021272192
=040  \\$aAR-BaFGC$beng$cDLC$dCUY$dCGU$dOCLCF$dIXA$dARFGC$dOCLCO$erda
=042  \\$aukblderived
=043  \\$as-ag---
=050  00$aF2849$b.G324 2017
=100  10$aGambini, Hugo,$eauthor.
=245  10$aCrímenes y mentiras :$blas prácticas oscuras de Perón /$cHugo Gambini, Ariel Kocik.
=264  \1$aBuenos Aires :$bSudamericana,$c[2017]
=300  \\$a252 pages :$billustrations ;$c23 cm
=336  \\$atext$2rdacontent
=337  \\$aunmediated$2rdamedia
=338  \\$avolume$2rdacarrier
=504  \\$aIncludes bibliographical references (pages 239-251).
=600  10$aPerón, Juan Domingo,$d1895-1974.
=600  17$aPerón, Juan Domingo,$d1895-1974$2fast$0(OCoLC)fst00019933
=648  \7$a1943-1955$2fast
=650  \0$aPeronism.
=650  \0$aPolitical corruption$zArgentina.
=650  \7$aPeronism.$2fast$0(OCoLC)fst01058303
=650  \7$aPolitical corruption.$2fast$0(OCoLC)fst01069240
=650  \7$aPolitics and government.$2fast$0(OCoLC)fst01919741
=651  \0$aArgentina$xPolitics and government$y1943-1955.
=651  \7$aArgentina.$2fast$0(OCoLC)fst01205614
=700  1\$aKocik, Ariel,$eauthor.
=852  41$aBritish Library$bHMNTS$jYF.2019.a.17783
=856  41$uhttp://core.cambeiro.com.ar/0-101003-120.pdf
=883  0\$aLanguage codes assigned by Bayesian analysis of words present in record$d20200826$qUk$c0.9919
=985  \\$aUpgraded by BSS-generated file for WR2009-0365
=CAT  \\$aBATCH-WEL$b00$c20190628$lBLL01$h0836
=CAT  \\$aBATCH-UPD$b00$c20190628$lBLL01$h0837
=CAT  \\$aW2009-0365$b00$c20200928$lBLL01$h1543
=FIN  \\$aY$d20190628
=FMT  \\$a  BK
=LAS  \\$aW2009-0365$b00$c20200928$lBLL01$h1543
=SRC  \\$aOCLC$bOCLChits1902.lex

