=LDR  02682cam a2200673 i 4500
=001  018647329
=003  Uk
=005  20230223164225.0
=008  170915s2017\\\\ag\a\\\\\b\\\\000\0bspa\c
=010  \\$a  2017372529
=020  \\$a9789873951299$qpaperback
=020  \\$a9873951296$qpaperback
=035  \\$a(OCoLC)1050143608$z(OCoLC)1004033110
=040  \\$aAR-BaFGC$beng$cDLC$dOCLCF$dOCLCO$dOCLCQ$dOCLCO$dOCL$dFUG$dOCL$dARFGC$dCUY$dIXA$dWAU$dHLS$dGZM$dOCLCO$dUk$erda
=042  \\$aukblsr
=043  \\$as-ag---$anwcu---
=050  00$aF2849.22.M366$bM66 2017
=100  1\$aMontero, Hugo,$eauthor.
=245  10$aMasetti :$bsueñero del Che : biografía /$cHugo Montero.
=246  30$aSueñero del Che
=250  \\$a1a ed.
=264  \1$aLomas de Zamora :$bEditorial Sudestada,$c2017.
=300  \\$a253 pages :$billustrations (black and white) ;$c23 cm.
=336  \\$atext$btxt$2rdacontent
=337  \\$aunmediated$bn$2rdamedia
=338  \\$avolume$bnc$2rdacarrier
=490  1\$aCuadernos de sudestada ;$v27
=504  \\$aIncludes bibliographical references.
=600  10$aMasetti, Jorge Ricardo,$d1929-1964.
=600  17$aMasetti, Jorge Ricardo,$d1929-1964$2fast$0(OCoLC)fst00458851
=610  20$aEjército Guerrillero del Pueblo.
=610  27$aEjército Guerrillero del Pueblo$2fast$0(OCoLC)fst00761358
=647  \7$aRevolution$c(Cuba :$d1959)$0(OCoLC)fst01354503$2fast
=648  \7$a1955-1983$2fast
=650  \0$aGuerrillas$zArgentina$vBiography.
=650  \0$aJournalists$zArgentina$vBiography.
=650  \7$aGuerrillas.$2fast$0(OCoLC)fst00948935
=650  \7$aJournalists.$2fast$0(OCoLC)fst00984188
=650  \7$aMilitary participation$xArgentine.$2fast$0(OCoLC)fst01353701
=651  \0$aArgentina$xHistory$y1955-1983.
=651  \0$aCuba$xHistory$yRevolution, 1959$xParticipation, Argentine.
=651  \7$aArgentina.$2fast$0(OCoLC)fst01205614
=651  \7$aCuba.$2fast$0(OCoLC)fst01205805
=655  \7$aBiographies.$2fast$0(OCoLC)fst01919896
=655  \7$aHistory.$2fast$0(OCoLC)fst01411628
=830  \0$aColección Cuadernos de Sudestada ;$v27.
=852  41$aBritish Library$bHMNTS$jYF.2021.a.11946
=856  41$uhttp://core.cambeiro.com.ar/0-159211-18.pdf
=985  \\$aUpdated by MS generated file for WR2302-017
=CAT  \\$a11253$b40$c20171213$lBLL01$h1333
=CAT  \\$a10904$b40$c20180222$lBLL01$h0725
=CAT  \\$a11342$b40$c20211004$lBLL01$h1806
=CAT  \\$a11342$b40$c20211008$lBLL01$h1754
=CAT  \\$aW2302-0174$c20230223$lBLL01$h2018
=CAT  \\$aW2308-1659$c20230923$lBLL01$h0937
=FIN  \\$aY$d20211004
=FMT  \\$a  BK
=LAS  \\$aW2308-1659$b00$c20230923$lBLL01$h0937
=SID  \\$aZ39$bOCLC

