=LDR  01621 am a2200445 i 4500
=001  018647342
=003  Uk
=005  20180619084754.0
=008  170801s2017\\\\ag\a\\\\\b\\\\000\0\spa\d
=010  \\$a  2017371864
=020  \\$a9789874621399
=035  \\$a(AR-BaFGC)0-186874/2
=035  \\$a(OCoLC) 992975736
=040  \\$aAR-BaFGC$beng$cAR-BaFGC$dDLC$erda
=042  \\$alccopycat
=043  \\$as-ag---
=050  00$aPN5010.M65$bR66 2017
=100  1\$aRoman, Claudia,$eauthor.
=245  10$aPrensa, política y cultura visual :$bEl Mosquito (Buenos Aires, 1863-1893) /$cClaudia Roman.
=250  \\$aPrimera edición.
=264  \1$aCiudad Autónoma de Buenos Aires :$bAmpersand,$c2017.
=300  \\$a306 pages :$billustrations ;$c24 cm.
=336  \\$atext$2rdacontent
=337  \\$aunmediated$2rdamedia
=338  \\$avolume$2rdacarrier
=490  0\$aCaleidoscópica
=504  \\$aIncludes bibliographical references (pages 295-306).
=630  00$aMosquito (Buenos Aires, Argentina : 1863)
=650  \0$aPolitical satire, Argentine$xPeriodicals.
=650  \0$aArgentine periodicals$xHistory$y19th century.
=650  \0$aGraphic arts$zArgentina$zBuenos Aires$xHistory$y19th century.
=651  \0$aArgentina$xPolitics and government$y1860-1910$vCaricatures and cartoons$xPeriodicals.
=852  41$aBritish Library$bHMNTS$jYF.2018.a.10188
=856  41$uhttp://core.cambeiro.com.ar/0-186874-2.pdf
=CAT  \\$a11253$b40$c20171213$lBLL01$h1344
=CAT  \\$a11405$b40$c20180619$lBLL01$h0847
=FIN  \\$aY$d20180619
=FMT  \\$a  BK
=LAS  \\$a11405$b40$c20180619$lBLL01$h0847
=SRC  \\$aBLL02

