=LDR  02382 am a2200433 i 4500
=001  018647352
=003  Uk
=005  20180124075841.0
=008  170530s2016\\\\ag\\\\\\\b\\\f000\0\spa\d
=010  \\$a  2017371326
=020  \\$a9789876551304
=035  \\$a(AR-BaFGC)0-175664/20
=035  \\$a(OCoLC) 988672963
=040  \\$aAR-BaFGC$beng$cAR-BaFGC$dDLC$dUk$erda
=042  \\$aukblderived
=043  \\$as-ag---$as-uy---
=050  00$aF2846$b.C66 2016
=245  00$aCombatir al otro :$bel Río de la Plata en épocas de antagonismos : 1776-1830 /$cMarcela V. Tejerina, Carmen S. Cantera, coordinadoras.
=264  \1$aBahía Blanca, Argentina :$bEudiUNS,$c[2016]
=300  \\$a263 pages ;$c21 cm.
=336  \\$atext$2rdacontent
=337  \\$aunmediated$2rdamedia
=338  \\$avolume$2rdacarrier
=490  0\$aSerie Extensión. Colección Ciencias Sociales y Humanidades
=504  \\$aIncludes bibliographical references.
=505  0\$aEl destierro en la etapa virreinal, una aproximación a conflictos y prácticas políticas de antiguo régimen / Marcela Tejerina, Luciana Francisco -- Bajo el signo de la sospecha : los pulperos españoles en tiempos de revolución : Buenos Aires 1810-1820 / Julián Carrera -- La máscara de la independencia : Martín de Álzaga : ¿realista o revolucionario? / Mariano Schlez -- Mujeres, sociabilidad y poder entre la revolución y la independencia / Marcela Aguuirrezabala -- Los combates por la palabra : representaciones del enemigo en la prensa periódica bonaerense durante la década de 1820 / Carmen Susana Cantera -- Las guerra civiles en la clausura : el monasterio de San José de Córdoba (1829-1831) / Ana Mónica González Fasani.
=651  \0$aRio de la Plata Region (Argentina and Uruguay)$xHistory$y18th century.
=651  \0$aRio de la Plata Region (Argentina and Uruguay)$xHistory$y19th century.
=700  1\$aTejerina, Marcela,$eeditor.
=700  1\$aCantera, Carmen Susana,$eeditor.
=700  12$iContainer of (work):$aSchlez, Mariano.$tMáscara de la independencia.
=852  41$aBritish Library$bHMNTS$jYF.2018.a.1038
=856  41$uhttp://core.cambeiro.com.ar/0-175664-20.pdf
=CAT  \\$a11253$b40$c20171213$lBLL01$h1359
=CAT  \\$a11002$b40$c20180124$lBLL01$h0758
=FIN  \\$aY$d20180124
=FMT  \\$a  BK
=LAS  \\$a11002$b40$c20180124$lBLL01$h0758
=SRC  \\$aBLL02

