=LDR  02719 am a2200481 i 4500
=001  018647372
=003  Uk
=005  20180302122310.0
=008  170511e201608\\ag\a\\\\\b\\\f000\0\spa\d
=010  \\$a  2017371299
=020  \\$a9789876881838
=035  \\$a(AR-BaFGC)0-187323/2
=035  \\$a(OCoLC) 987624261
=040  \\$aAR-BaFGC$beng$cAR-BaFGC$dDLC$dUk$erda
=042  \\$aukblderived
=043  \\$as-ag---$as-bl---
=050  00$aLB2324$b.T45 2016
=245  00$aTejiendo redes :$bdiseño glotopolítico institucional español lengua segunda y extranjera : política lingüística e internacionalización de la educación superior /$cFabio Dandrea (compilador) ; autores Fabio Dandrea, SOnia Bierbrauer y Ana María Ávila de Jalil.
=250  \\$aPrimera edición.
=264  \1$aRío Cuarto, Córdoba, Argentina :$bUniRío Editora, Universidad Nacional de Río Cuarto,$cagosto 2016.
=300  \\$a190 pages :$billustrations ;$c23 cm.
=336  \\$atext$2rdacontent
=337  \\$aunmediated$2rdamedia
=338  \\$avolume$2rdacarrier
=490  0\$aColección Vinculación y educación
=504  \\$aIncludes bibliographical references.
=505  0\$aInternacionalización de la educacion superior : hacia un enfoque contextualizado / Fabio Daniel Dandrea -- Internacionalización, política lingüística y gestión de redes / Fabio Daneil Dandrea -- Redes ELSE : conformación de objetos discursivos como vectores de una polítrica lingüística internacional / Fabio Daniel Dandrea -- Red de integración regional para el español lengua extranjera en el Mercosur / Fabio Daniel Dandrea -- El Consorcio Interuniversitario para el desarrollo, acreditacion y evaluación del español como lengua segunda y extranjera (ELSE) / Sonia Bierbrauer -- El desarrollo de ELSE en la UNT : un puente para la integración regional con Brasil / Ana María Ávila de Jalil.
=610  20$aMERCOSUR (Organization)
=650  \0$aEducation, Higher$xInternational cooperation.
=650  \0$aSpanish language$xStudy and teaching$xForeign speakers.
=651  \0$aArgentina$xRelations$zBrazil.
=651  \0$aBrazil$xRelations$zArgentina.
=700  1\$aDandrea, Fabio$q(Fabio Daniel),$eeditor.
=700  12$iContainer of (work):$aDandrea, Fabio$q(Fabio Daniel)$tInternacionalización de la educación superior.
=852  41$aBritish Library$bHMNTS$jYF.2018.a.3811
=856  41$uhttp://core.cambeiro.com.ar/0-187323-2.pdf
=CAT  \\$a11253$b40$c20171213$lBLL01$h1409
=CAT  \\$aBATCH-UPD$b40$c20171213$lBLL01$h1410
=CAT  \\$a11002$b40$c20180302$lBLL01$h1223
=FIN  \\$aY$d20180302
=FMT  \\$a  BK
=LAS  \\$a11002$b40$c20180302$lBLL01$h1223
=SRC  \\$aBLL02

