=LDR  01515 am a2200409 i 4500
=001  018647423
=003  Uk
=005  20180302094832.0
=008  170526s2017\\\\ag\a\\\\\b\\\f000\0\spa\d
=010  \\$a  2017371449
=020  \\$a9789507215162
=035  \\$a(AR-BaFGC)0-187689/1
=035  \\$a(OCoLC) 988147618
=040  \\$aAR-BaFGC$beng$cAR-BaFGC$dDLC$dUk$erda
=042  \\$aukblderived
=043  \\$as-ag---
=050  00$aPQ7680$b.Z373 2017
=100  1\$aZapana, Marcelo Fortunato,$eauthor.
=245  13$aLa rueda coplera :$binvestigación con el sistema procesual de ejecución /$cMarcelo Fortunato Zapana.
=250  \\$a1ra Edición.
=264  \1$aS. Salvador de Jujuy, Pcia. de Jujuy, Argentina :$bUniversidad Nacional de Jujuy,$c2017.
=300  \\$a251 pages :$billustrations (some color) ;$c24 cm.
=336  \\$atext$2rdacontent
=337  \\$aunmediated$2rdamedia
=338  \\$avolume$2rdacarrier
=490  0\$aProducción científica. Serie "Tesis"
=500  \\$aBased on the author's thesis (doctoral)--Universidad de Buenos Aires, 2014.
=504  \\$aIncludes bibliographical references (pages 241-247).
=650  \0$aCoplas$zArgentina, Northwest$xHistory and criticism.
=852  41$aBritish Library$bHMNTS$jYF.2018.a.3830
=856  41$uhttp://core.cambeiro.com.ar/0-187689-1.pdf
=CAT  \\$a11253$b40$c20171213$lBLL01$h1457
=CAT  \\$a11002$b40$c20180302$lBLL01$h0948
=FIN  \\$aY$d20180302
=FMT  \\$a  BK
=LAS  \\$a11002$b40$c20180302$lBLL01$h0948
=SRC  \\$aBLL02

