=LDR  01416 am a2200409 i 4500
=001  018647452
=003  Uk
=005  20180912090902.0
=008  160629s2016\\\\ag\a\\\\\b\\\\000\0cspa\d
=010  \\$a  2016366060
=020  \\$a9789873783258
=035  \\$a(AR-BaFGC)0-119908/39
=040  \\$aAR-BaFGC$beng$cAR-BaFGC$dDLC$dUk$erda
=042  \\$aukblderived
=043  \\$as-ag---
=050  00$aHV6322.3.A7$bA7552 2016
=100  1\$aArgento, Analía,$d1970-
=245  10$aDe vuelta a casa :$bhistorias de nietos restituidos /$cAnalía Argento ; prólgo de Juan Cabandié.
=250  \\$aNueva edición actualizada.
=264  \1$aCiudad de Buenos Aires, Argentina :$bMarea Editorial,$c2016.
=300  \\$a262 pages :$billustrations ;$c24 cm.
=336  \\$atext$2rdacontent
=337  \\$aunmediated$2rdamedia
=338  \\$avolume$2rdacarrier
=490  0\$aHistoria urgente ;$v18
=504  \\$aIncludes bibliographical references (pages 259-262).
=650  \0$aChildren of disappeared persons$zArgentina.
=651  \0$aArgentina$vBiography.
=852  41$aBritish Library$bHMNTS$jYF.2018.a.16108
=856  41$uhttp://core.cambeiro.com.ar/0-119908-39.pdf
=CAT  \\$a11253$b40$c20171213$lBLL01$h1537
=CAT  \\$a10904$b40$c20180911$lBLL01$h1158
=CAT  \\$a5100$b40$c20180912$lBLL01$h0909
=FIN  \\$aY$d20180911
=FMT  \\$a  BK
=LAS  \\$a5100$b40$c20180912$lBLL01$h0909
=SRC  \\$aBLL02

