=LDR  01558 am a2200409 i 4500
=001  018647461
=003  Uk
=005  20180911110410.0
=008  151102s2015\\\\ag\\\\\\\b\\\\000\0\spa\d
=010  \\$a  2016365275
=020  \\$a9789872962944
=035  \\$a(AR-BaFGC)0-179172/0
=040  \\$aAR-BaFGC$beng$cAR-BaFGC$dDLC$dUk$erda
=042  \\$aukblderived
=043  \\$as-ag---
=050  00$aKHA3969$b.R63 2015
=100  1\$aRodríguez López, Diana,$eauthor.
=245  10$aPasivos ambientales e hidrocarburos en Argentina :$banálisis de casos y marcos jurídicos para un debate urgente /$cDiana Rodríguez López, Andrea Burucua.
=264  \1$aCiudad de Buenos Aires :$bObservatorio Petrolero Sur :$bECOSUR :$bEdiciones del Jinete Insomne,$c[2015]
=300  \\$a105 pages ;$c21 cm
=336  \\$atext$2rdacontent
=337  \\$aunmediated$2rdamedia
=338  \\$avolume$2rdacarrier
=504  \\$aIncludes bibliographical references (pages 100-104).
=650  \0$aPetroleum law and legislation$zArgentina.
=650  \0$aPetroleum industry and trade$xEnvironmental aspects$zArgentina.
=650  \0$aEnvironmental degradation$zArgentina.
=700  1\$aBurucua, Andrea,$eauthor.
=852  41$aBritish Library$bHMNTS$jYF.2018.a.16056
=856  41$uhttp://core.cambeiro.com.ar/0-179172-0.pdf
=CAT  \\$a11253$b40$c20171213$lBLL01$h1552
=CAT  \\$a10904$b40$c20180911$lBLL01$h1049
=CAT  \\$a10904$b40$c20180911$lBLL01$h1104
=FIN  \\$aY$d20180911
=FMT  \\$a  BK
=LAS  \\$a10904$b40$c20180911$lBLL01$h1104
=SRC  \\$aBLL02

