=LDR  01391 am a2200421 i 4500
=001  018647471
=003  Uk
=005  20180310093118.0
=008  170601s2017\\\\ag\a\\\\\\\\\\000\0dspa\d
=010  \\$a  2017371396
=020  \\$a9789504957379
=035  \\$a(AR-BaFGC)0-186898/0
=035  \\$a(OCoLC) 988848435
=040  \\$aAR-BaFGC$beng$cAR-BaFGC$dDLC$dUk$erda
=042  \\$aukblderived
=043  \\$as-ag---
=050  00$aTR140.L674$bA25 2017
=100  1\$aLongoni, Eduardo,$eauthor,$ephotographer.
=240  10$aWorks.$kSelections
=245  10$aImágenes apuntadas :$blos relatos de un fotógrafo /$cEduardo Longoni.
=264  \1$aC.A.B.A. :$bPlaneta,$c[2017]
=300  \\$a187 pages :$billustrations ;$c24 cm
=336  \\$atext$2rdacontent
=336  \\$astill image$2rdacontent
=337  \\$aunmediated$2rdamedia
=338  \\$avolume$2rdacarrier
=500  \\$aPublished in Buenos Aires.
=600  10$aLongoni, Eduardo$vAnecdotes.
=650  \0$aDocumentary photography$zArgentina.
=651  \0$aArgentina$xPolitics and government$y1955-$vPictorial works.
=852  41$aBritish Library$bHMNTS$jYF.2018.a.4266
=856  41$uhttp://core.cambeiro.com.ar/0-186898-0.pdf
=CAT  \\$a11253$b40$c20171213$lBLL01$h1611
=CAT  \\$a10904$b40$c20180310$lBLL01$h0931
=FIN  \\$aY$d20180310
=FMT  \\$a  BK
=LAS  \\$a10904$b40$c20180310$lBLL01$h0931
=SRC  \\$aBLL02

