=LDR  02280cam a2200445 i 4500
=001  018648252
=003  Uk
=005  20180416105314.0
=008  170710s2017\\\\ag\\\\\\\b\\\\001\0\spa\d
=010  \\$a  2017371709
=020  \\$a9789507932588
=035  \\$a(AR-BaFGC)0-91679/98
=035  \\$a(OCoLC) 993639069
=040  \\$aAR-BaFGC$beng$cAR-BaFGC$dDLC$dUk$erda
=042  \\$aukblderived
=043  \\$as-ag---
=050  00$aPN5004$b.N68 2017
=245  03$aLa noticia hoy :$btensiones entre la política, el mercado y la tecnología /$cStella Martini y Marcelo Pereyra, compiladores.
=264  \1$a[Buenos Aires] :$bEdiciones Imago Mundi,$c[2017]
=300  \\$aXIV, 160 pages ;$c22 cm.
=336  \\$atext$2rdacontent
=337  \\$aunmediated$2rdamedia
=338  \\$avolume$2rdacarrier
=490  0\$aColección Bitácora argentina
=504  \\$aIncludes bibliographical references (pages 143-157) and index.
=505  0\$aÚltimas noticias : construyendo la actualidad en el siglo XXI / Stella Martini -- Los medios y el poder y el poder de los medios / Marcelo Pereyra -- La información periodística en la era digital / Julieta Casini -- Una genealogía de los comentario de los lectores en las versiones digitales de los diarios argentinos : de los blogs a los medios / Jorge Gobbi -- ¿Paraguas común o teorías independientes? : el debate entre la agenda setting, el priming y el framing / Natalia Aruguete -- El delito en las crónicas de la prensa provincial / Rosario Sánchez -- Comunidades del miedo : algunas observaciones sobre construcción de los vecinos en la tematización de la "inseguridad" en Clarín / Manuel Tufró.
=650  \0$aJournalism$zArgentina.
=650  \0$aOnline journalism$zArgentina.
=700  1\$aMartini, Stella,$eeditor.
=700  1\$aPereyra, Marcelo,$eeditor.
=700  12$iContainer of (work):$aMartini, Stella.$tÚltimas noticias.
=852  41$aBritish Library$bHMNTS$jYF.2018.a.6650
=856  41$uhttp://core.cambeiro.com.ar/0-91679-98.pdf
=CAT  \\$a11253$b40$c20171214$lBLL01$h0743
=CAT  \\$a10904$b40$c20180416$lBLL01$h1053
=CAT  \\$aW2308-1659$c20230923$lBLL01$h0937
=FIN  \\$aY$d20180416
=FMT  \\$a  BK
=LAS  \\$aW2308-1659$b00$c20230923$lBLL01$h0937
=SID  \\$aZ39$bLOC

