=LDR  01511 am a2200421 i 4500
=001  018648260
=003  Uk
=005  20180620141952.0
=008  170614e201704\\ag\\\\\\\b\\\\000\0\spa\d
=010  \\$a  2017371436
=020  \\$a9789873677694
=035  \\$a(AR-BaFGC)0-188062/0
=035  \\$a(OCoLC) 990624196
=040  \\$aAR-BaFGC$beng$cAR-BaFGC$dDLC$dUk$erda
=042  \\$aukblderived
=043  \\$alsfk---$as-ag---$ae-uk---
=050  00$aF3031$b.M54 2017
=100  1\$aMiranda, Sebastián,$eauthor.
=245  13$aLa Guerra del Atlántico Sur :$blos mitos desmalvinizadores y estrategias para su recuperación /$cSebastián Miranda.
=250  \\$aPrimera edición.
=264  \1$aBuenos Aires :$b1884 Editorial, Círculo Militar :$bGU,$cabril 2017.
=300  \\$a220 pages ;$c20 cm
=336  \\$atext$2rdacontent
=337  \\$aunmediated$2rdamedia
=338  \\$avolume$2rdacarrier
=504  \\$aIncludes bibliographical references (pages 209-220).
=650  \0$aFalkland Islands War, 1982.
=651  \0$aFalkland Islands$xInternational status$xHistory.
=651  \0$aArgentina$xForeign relations$zGreat Britain.
=651  \0$aGreat Britain$xForeign relations$zArgentina.
=852  41$aBritish Library$bHMNTS$jYF.2018.a.10392
=856  41$uhttp://core.cambeiro.com.ar/0-188062-0.pdf
=CAT  \\$a11253$b40$c20171214$lBLL01$h0803
=CAT  \\$a10904$b40$c20180620$lBLL01$h1419
=FIN  \\$aY$d20180620
=FMT  \\$a  BK
=LAS  \\$a10904$b40$c20180620$lBLL01$h1419
=SRC  \\$aBLL02

