=LDR  01469 am a2200385 i 4500
=001  018648324
=003  Uk
=005  20180620143322.0
=008  160520s2015\\\\ag\a\\\\\b\\\f000\0\spa\d
=010  \\$a  2016365788
=020  \\$a9789505549627
=035  \\$a(AR-BaFGC)0-101812/22
=040  \\$aAR-BaFGC$beng$cAR-BaFGC$dDLC$dUk$erda
=042  \\$aukblderived
=043  \\$as-ag---
=050  00$aPN2452.T8$bM69 2015
=100  1\$aMozzoni, Valeria,$eauthor.
=245  10$aTeatro tucumano y cultura española :$bentre dramaturgias y puestas escénicas /$cValeria Mozzoni.
=264  \1$aSan Miguel de Tucumán, Argentina :$bFacultad de FIlosofía y Letras, Universidad Nacional de Tucumán,$c[2015]
=300  \\$a223 pages :$billustrations (some color) ;$c23 cm.
=336  \\$atext$2rdacontent
=337  \\$aunmediated$2rdamedia
=338  \\$avolume$2rdacarrier
=490  0\$aColección Tesis
=500  \\$aOriginally presented as the author's thesis (doctoral)--Universidad Nacional de Tucumán.
=504  \\$aIncludes bibliographical references (pages 217-223).
=650  \0$aTheater$zArgentina$zTucumán$xSpanish influences$xHistory.
=852  41$aBritish Library$bHMNTS$jYF.2018.a.10420
=856  41$uhttp://core.cambeiro.com.ar/0-101812-22.pdf
=CAT  \\$a11253$b40$c20171214$lBLL01$h1044
=CAT  \\$a10904$b40$c20180620$lBLL01$h1433
=FIN  \\$aY$d20180620
=FMT  \\$a  BK
=LAS  \\$a10904$b40$c20180620$lBLL01$h1433
=SID  \\$aZ39$bLOC

