=LDR  02913 am a2200481 i 4500
=001  018648328
=003  Uk
=005  20180222075256.0
=008  160707t20152015ag\\\\\\\b\\\\000\0\spa\d
=020  \\$a9789876144940
=020  \\$a9876144944
=035  \\$a(OCoLC)953191870
=040  \\$aEMU$beng$cEMU$dOCLCF$dWTU$dIUP$dUk$erda
=042  \\$aukblderived
=050  14$aPQ7390.P32$bZ76 2015
=245  04$aLos rostros de Padura :$bsu vida y su obra vistas desde Cuba /$cAgustín García Marrero, Leondardo Padura, Lucía López Coll y otros.
=264  \1$aBuenos Aires, Argentina :$bCapital Intelectual,$c2015.
=264  \4$c©2015
=300  \\$a271 pages ;$c20 cm.
=336  \\$atext$btxt$2rdacontent
=337  \\$aunmediated$bn$2rdamedia
=338  \\$avolume$bnc$2rdacarrier
=490  1\$aClaves del siglo XXI
=504  \\$aIncludes bibliographical references.
=505  0\$aPrólogo. Estilo y creación de Leonardo Padura / Francisco López Sacha -- Hemingway y yo (según Leonardo Padura) / Rafael Grillo -- La nueva ciudad cubana (y/o La Habana otra) en la novelística negra de Leonardo Padura / Amir Valle -- Pisando la cola del Conde / Michel Encinosa Fú -- La novela de mi vida, de Leonardo Padura / Enrique Saínz -- Leonardo Padura: el escritor como detective / Manuel García Verdecia -- El hereje de Mantilla / Emiliano Ruiz Parra -- Confesiones de un lector / Agustín García Marrero -- Entre la palabra y la historia / Rafael Acosta de Arriba -- El hombre que contaba en Cuba la caída de la Casa Usher / Dorita Nouhaud -- Estar hereje: la libertad como elección / Rebeca Murga -- Leonardo Padura: condenado a ser libre / Elizabeth Mirabal -- El alma en el papel / Gustavo Vega Izquierdo -- El soplo divino: crear un personaje / Leonardo Padura -- Entre tú y yo: el cine / Lucía López Coll -- Cronología de las obras literarias y los premios recibidos por Leonardo Padura Fuentes / Agustín García Marrero -- Epílogo. Padura según pasan los años / Ciro Bianchi Ross -- Sobre los autores.
=600  10$aPadura, Leonardo$xCriticism and interpretation.
=600  17$aPadura, Leonardo$2fast$0(OCoLC)fst01484712
=650  \0$aCuban literature.
=650  \7$aCuban literature.$2fast$0(OCoLC)fst00884812
=655  \7$aCriticism, interpretation, etc.$2fast$0(OCoLC)fst01411635
=700  1\$aGarcía Marrero, Agustín,$eeditor,$econtributor.
=700  1\$aPadura, Leonardo,$econtributor.
=700  1\$aLópez Coll, Lucía,$econtributor.
=710  2\$aCapital Intelectual (Firm),$epublisher.
=830  \0$aClaves del siglo XXI.
=852  41$aBritish Library$bHMNTS$jYF.2018.a.3275
=856  41$uhttp://core.cambeiro.com.ar/0-183262-1.pdf
=CAT  \\$a11253$b40$c20171214$lBLL01$h1046
=CAT  \\$a10904$b40$c20180222$lBLL01$h0752
=FIN  \\$aY$d20180222
=FMT  \\$a  BK
=LAS  \\$a10904$b40$c20180222$lBLL01$h0752
=SID  \\$aZ39$bOCLC

