=LDR  01565 am a2200409 i 4500
=001  018648339
=003  Uk
=005  20180616064215.0
=008  160920s2016\\\\ag\\\\\\\b\\\\000\0\spa\d
=010  \\$a  2016366615
=020  \\$a9789873600555
=035  \\$a(AR-BaFGC)0-184400/1
=040  \\$aAR-BaFGC$beng$cAR-BaFGC$dDLC$dUk$erda
=042  \\$aukblderived
=043  \\$acl-----
=050  00$aPQ7081.A1$bL379 2016
=245  03$aEl legado del modernismo :$ben conmemoración de Rubén Darío (1891-1916) en el año centenario de su fallecimiento /$ccoordinación, copilación y prólogo de Norma Mazzei.
=264  \1$a[Buenos Aires] :$bEnigma Editores,$c[2016]
=300  \\$a130 pages ;$c23 cm.
=336  \\$atext$2rdacontent
=337  \\$aunmediated$2rdamedia
=338  \\$avolume$2rdacarrier
=490  0\$aLiteratura y versión ;$v1
=504  \\$aIncludes bibliographical references.
=650  \0$aLatin American literature$xHistory and criticism.
=650  \0$aModernism (Literature)$zLatin America.
=650  \0$aPostmodernism (Literature)$zLatin America.
=700  1\$aMazzei, Norma,$eeditor.
=700  12$iContainer of (work):$aBilbao Richter, Bertha.$tProyecciones de Rubén Darío en la primera década del siglo XXI.
=852  41$aBritish Library$bHMNTS$jYF.2018.a.10181
=856  41$uhttp://core.cambeiro.com.ar/0-184400-1.pdf
=CAT  \\$a11253$b40$c20171214$lBLL01$h1058
=CAT  \\$a11002$b40$c20180616$lBLL01$h0642
=FIN  \\$aY$d20180616
=FMT  \\$a  BK
=LAS  \\$a11002$b40$c20180616$lBLL01$h0642
=SRC  \\$aBLL02

