=LDR  01410 am a2200397 i 4500
=001  018648340
=003  Uk
=005  20180621071454.0
=008  170424e201604\\ag\\\\\\\b\\\f000\0dspa\d
=010  \\$a  2017371240
=020  \\$a9789871889952
=035  \\$a(AR-BaFGC)0-187057/1
=040  \\$aAR-BaFGC$beng$cAR-BaFGC$dDLC$dUk$erda
=042  \\$aukblderived
=043  \\$acl-----
=050  00$aPQ7081$b.P735 2016
=100  1\$aPremat, Julio,$eauthor.
=245  10$aÉrase esta vez :$brelatos de comienzo /$cJulio Premat.
=250  \\$aPrimera edición.
=264  \1$aSáenz Peña, Provincia de Buenos Aires [Argentina] :$bEDUNTREF, Editorial de la Universidad Nacional de Tres de Febrero,$cabril de 2016.
=300  \\$a270 pages ;$c23 cm.
=336  \\$atext$2rdacontent
=337  \\$aunmediated$2rdamedia
=338  \\$avolume$2rdacarrier
=490  0\$aColección Estudios americanos
=504  \\$aIncludes bibliographical references (pages 263-270).
=650  \0$aSpanish American literature$y20th century$xHistory and criticism.
=650  \0$aOrigin (Philosophy) in literature.
=852  41$aBritish Library$bHMNTS$jYF.2018.a.10462
=856  41$uhttp://core.cambeiro.com.ar/0-187057-1.pdf
=CAT  \\$a11253$b40$c20171214$lBLL01$h1059
=CAT  \\$a10904$b40$c20180621$lBLL01$h0714
=FIN  \\$aY$d20180621
=FMT  \\$a  BK
=LAS  \\$a10904$b40$c20180621$lBLL01$h0714
=SRC  \\$aBLL02

