=LDR  01955 am a2200529 i 4500
=001  019421772
=003  Uk
=005  20200121114630.0
=008  170705e201510\\ag\\\\\\rb\\\\000\0\spa\d
=010  \\$a  2017371658
=020  \\$z9789877221220 (e-book)
=035  \\$a(AR-BaFGC)0-188167/4
=035  \\$a(OCoLC) 993072144
=040  \\$aAR-BaFGC$beng$cAR-BaFGC$dDLC$dUk$erda$epn
=042  \\$aukblderived
=043  \\$as-ve---
=050  00$aF2327$b.A66 2015
=245  00$aAntología del pensamiento crítico venezolano contemporáneo /$ccoordinadores Alba Carosio, Anais López, Leonardo Bracamonte ; Rodolfo Quintero [and nineteen others].
=250  \\$aPrimera edición.
=264  \1$aCiudad de Buenos Aires :$bCLACSO,$coctubre de 2015.
=300  \\$a545 pages ;$c23 cm.
=336  \\$atext$2rdacontent
=337  \\$aunmediated$2rdamedia
=338  \\$avolume$2rdacarrier
=490  0\$aAntologías del pensamiento social latinoamericano y caribeño
=504  \\$aIncludes bibliographical references.
=530  \\$aAlso published electronically.
=533  \\$aPrint reproduction.
=650  \0$aIdeology$zVenezuela.
=651  \0$aVenezuela$y1974-1999$xPhilosophy.
=651  \0$aVenezuela$xPolitics and government$y1999-$xPhilosophy.
=651  \0$aVenezuela$xSocial conditions$y1958-1999.
=651  \0$aVenezuela$xSocial conditions$y1999-
=700  1\$aCarosio, Alba,$eeditor.
=700  1\$aLópez, Anais,$eeditor.
=700  1\$aBracamonte, Leonardo,$eeditor.
=852  41$aBritish Library$bHMNTS$jYF.2020.a.1296
=856  41$uhttp://core.cambeiro.com.ar/0-188167-4.pdf
=CAT  \\$a9518$b40$c20190531$lBLL01$h1643
=CAT  \\$aBATCH-UPD$b40$c20190531$lBLL01$h1643
=CAT  \\$aBATCH-001$c20191111$lBLL01$h1622
=CAT  \\$a10904$b40$c20200120$lBLL01$h1401
=CAT  \\$a7416$b40$c20200121$lBLL01$h1146
=FIN  \\$aY$d20200120
=FMT  \\$a  BK
=LAS  \\$a7416$b40$c20200121$lBLL01$h1146
=SID  \\$aZ39$bLOC

