=LDR  01781 am a2200421 i 4500
=001  019720227
=003  Uk
=005  20201023094437.0
=008  170816s2017\\\\ag\\\\\\\\\\\\000\0\spa\d
=010  \\$a  2017371965
=020  \\$a9789871904273
=035  \\$a(AR-BaFGC)0-188356/0
=040  \\$aAR-BaFGC$beng$cAR-BaFGC$dDLC$dUk$erda
=042  \\$aukblderived
=043  \\$as-ag---
=050  00$aPQ7627$b.A382 2017
=100  1\$aAguirre, Osvaldo,$d1964-$einterviewer.
=245  00$aHablados por la poesía :$b14 conversaciones con poetas argentinos contemporáneos /$cintroducción y entrevistas por Osvaldo Aguirre.
=250  \\$aEnlarged edition.
=264  \1$aRada Tilly, Chubut [Argentina] :$bEspacio Hudson,$c[2017]
=300  \\$a200 pages ;$c21 cm
=336  \\$atext$2rdacontent
=337  \\$aunmediated$2rdamedia
=338  \\$avolume$2rdacarrier
=500  \\$a"Este libro es una reedición aumentada del que publicó Espacio Hudson en 2010."--Page 11.
=505  0\$aJoaquín Gianuzzi -- Aldo E. Oliva -- Hugo Padeletti -- Roberto Raschella -- Ricardo Zelarayán -- Darío Cantón -- Francisco Gandolfo -- Hugo Gola -- Arnaldo Calveyra -- Juan Carlos Moisés -- Irene Gruss -- Diana Bellessi
=650  \0$aPoets, Argentine$vInterviews.
=650  \0$aArgentine poetry$y20th century$xHistory and criticism.
=650  \0$aPoetry$xAuthorship.
=700  1\$iExpanded version of (expression):$aAguirre, Osvaldo,$d1964-$tHablado por la poesía.
=852  41$aBritish Library$bHMNTS$jYF.2020.a.8718
=856  41$uhttp://core.cambeiro.com.ar/0-188356-0.pdf
=CAT  \\$a9518$b40$c20200219$lBLL01$h1401
=CAT  \\$a11002$b40$c20201023$lBLL01$h0944
=FIN  \\$aY$d20201023
=FMT  \\$a  BK
=LAS  \\$a11002$b40$c20201023$lBLL01$h0944
=SRC  \\$aBLL02

