=LDR  01504cam a2200421 i 4500
=001  020343416
=003  Uk
=005  20220426144658.0
=008  190103s2017\\\\ag\\\\\\\b\\\\001\0\spa\d
=010  \\$a  2018435296
=020  \\$a9789877191295
=035  \\$a(AR-BaFGC)0-9883/26
=035  \\$a(OCoLC) 1046655224
=040  \\$aAR-BaFGC$beng$cAR-BaFGC$dDLC$dUk$erda
=042  \\$aukblderived
=043  \\$as-ag---
=050  00$aF2848$b.R662 2017
=100  1\$aRomero, Luis Alberto,$eauthor.
=245  10$aBreve historia contemporánea de la Argentina :$b1916-2016 : edición definitiva /$cLuis Alberto Romero.
=250  \\$aCuarta edición revisada y ampliada.
=264  \1$aBuenos Aires, Argentina :$bFondo de Cultura Económica,$c2017.
=300  \\$a439 pages ;$c23 cm.
=336  \\$atext$2rdacontent
=337  \\$aunmediated$2rdamedia
=338  \\$avolume$2rdacarrier
=490  0\$aTezontle
=500  \\$aPreviously published: Fondo de cultura Económica, 1994. With new prologue and new chapters.
=504  \\$aIncludes bibliographical references (pages 419-430) and index.
=651  \0$aArgentina$xHistory$y20th century.
=651  \0$aArgentina$xHistory$y21st century.
=852  41$aBritish Library$bHMNTS$jYF.2022.a.9331
=856  41$uhttp://core.cambeiro.com.ar/0-9883-26.pdf
=CAT  \\$a6503$b40$c20210930$lBLL01$h1540
=CAT  \\$a11002$b40$c20220426$lBLL01$h1446
=FIN  \\$aY$d20220426
=FMT  \\$a  BK
=LAS  \\$a11002$b40$c20220426$lBLL01$h1446
=SRC  \\$aBLL02

