=LDR  01417cam a22004097i 4500
=001  017412046
=003  Uk
=005  20150625152819.0
=008  150409s2015\\\\ag\a\\\\\\\\\\000\0dspa\d
=010  \\$a  2014510636
=020  \\$a9789871614172 (paperback)
=035  \\$a(AR-BaFGC)0-109612/22
=040  \\$aAR-BaFGC$beng$cAR-BaFGC$dUk$dDLC$erda
=042  \\$aukblderived
=043  \\$acl-----
=050  00$aPQ7081.3$b.A73 2015
=100  1\$aArancibia, Juana Alcira,$einterviewer.
=245  10$aDiálogo con los creadores /$cJuana Alcira Arancibia.
=264  \1$aBuenos Aires :$bGeorges Zanun Editores,$c2015.
=300  \\$a445 pages :$billustrations ;$c23 cm.
=336  \\$atext$2rdacontent
=337  \\$aunmediated$2rdamedia
=338  \\$avolume$2rdacarrier
=490  0\$aColección"Estudios hispánicos" ;$vVolumen XX
=650  \0$aAuthors, Latin American$y20th century$vInterviews.
=650  \0$aCritics$zLatin America$vInterviews.
=852  41$aBritish Library$bHMNTS$jYF.2015.a.12507
=856  41$uhttp://core.cambeiro.com.ar/0-109612-22.pdf
=CAT  \\$a8197$b40$c20150625$lBLL01$h1526
=CAT  \\$a8197$b40$c20150625$lBLL01$h1527
=CAT  \\$a8197$b40$c20150625$lBLL01$h1528
=CAT  \\$aW2308-1659$c20230923$lBLL01$h0952
=CAT  \\$aBATCH-UPD$b00$c20230924$lBLL01$h1913
=FIN  \\$aY$d20150625
=FMT  \\$a  BK
=LAS  \\$aBATCH-UPD$b00$c20230924$lBLL01$h1913
=SID  \\$aZ39$bLOC

