=LDR  01712cam a22004457i 4500
=001  017418432
=003  Uk
=005  20150630152500.0
=008  150407s2015\\\\ec\\\\\\\b\\\\000\0\spa\d
=010  \\$a  2014510694
=020  \\$a9789500530484
=035  \\$a(AR-BaFGC)0-122116/54
=040  \\$aAR-BaFGC$beng$cAR-BaFGC$dUk$dDLC$erda
=042  \\$aukblcatcopy
=043  \\$as-ec---
=050  00$aPQ8202$b.A88 2015
=100  1\$aAstudillo Figueroa, Alexandra,$d1966-$eauthor.
=245  13$aLa emergencia del sujeto femenino en la escritura de cuatro ecuatorianas de los siglos XVIII y XIX /$cAlexandra Astudillo Figueroa.
=264  \1$aQuito, Ecuador :$bUniversidad Andina Simón Bolívar Ecuador ;$aBs. As. :$bCorregidor,$c[2015]
=300  \\$a294 pages ;$c20 cm.
=336  \\$atext$2rdacontent
=337  \\$aunmediated$2rdamedia
=338  \\$avolume$2rdacarrier
=490  0\$aNueva crítica hispanoamericana
=500  \\$aPlace of publication: Buenos Aires.
=504  \\$aIncludes bibliographical references (pages 273-291).
=650  \0$aEcuadorian literature$y19th century$xHistory and criticism.
=650  \0$aEcuadorian literature$y18th century$xHistory.
=650  \0$aEcuadorian literature$xWomen authors$xHistory and criticism.
=650  \0$aWomen in literature.
=852  41$aBritish Library$bHMNTS$jYF.2015.a.13275
=856  41$uhttp://core.cambeiro.com.ar/0-122116-54.pdf
=CAT  \\$a8197$b40$c20150630$lBLL01$h1524
=CAT  \\$a8197$b40$c20150630$lBLL01$h1525
=CAT  \\$aBATCH-UPD$b40$c20200829$lBLL01$h1350
=CAT  \\$aW2308-1659$c20230923$lBLL01$h0952
=FIN  \\$aY$d20150630
=FMT  \\$a  BK
=LAS  \\$aW2308-1659$b00$c20230923$lBLL01$h0952
=SID  \\$aZ39$bLOC

