=LDR  01737 am a2200433 a 4500
=001  017433429
=003  Uk
=005  20150922090946.0
=008  120814s2012\\\\ag\ab\\\\\\\\f000\0\spa\d
=010  \\$a  2012377765
=020  \\$a9789871326761
=035  \\$a(AR-BaFGC)0-135665/10
=040  \\$aAR-BaFGC$cAR-BaFGC$dDLC$dUk
=042  \\$aukblderived
=043  \\$as-ag---
=050  00$aHN267$b.P47 2012
=245  03$aEl peronismo y la justicia social :$breproducción de la obra gráfica publicada por la Presidencia de la Nación, en el año del Libertador General San Martín, 1950 /$c[presentación, Ana Jaramillo].
=260  \\$aRemedios de Escalada, Lanús, Provincia de Buenos Aires, Argentina :$bEdiciones de la UNLA, Universidad Nacional de Lanús,$c[2012?]
=300  \\$a[97] p. :$bchiefly ill. (col.), col. maps ;$c24 cm.
=336  \\$atext$2rdacontent
=337  \\$aunmediated$2rdamedia
=338  \\$avolume$2rdacarrier
=490  0\$aColección Pensamiento nacional
=500  \\$aOriginally published as part of "La Nación Argentina, justa, libre, soberana", Buenos Aires, 1950.
=650  \0$aSocial justice$zArgentina.
=650  \0$aPeronism.
=650  \0$aPropaganda$zArgentina$xHistory$y20th century.
=651  \0$aArgentina$xSocial policy.
=651  \0$aArgentina$xPolitics and government$y1943-1955.
=700  1\$aJaramillo, Ana.
=852  41$aBritish Library$bHMNTS$jYF.2015.a.19555
=856  41$uhttp://core.cambeiro.com.ar/0-135665-10.pdf
=CAT  \\$a9518$b40$c20150706$lBLL01$h1633
=CAT  \\$a11131$b40$c20150922$lBLL01$h0909
=CAT  \\$aWR14_128$c20160226$lBLL01$h1632
=FIN  \\$aY$d20150922
=FMT  \\$a  BK
=LAS  \\$aWR14_128$b00$c20160226$lBLL01$h1632
=SRC  \\$aBLL02

