=LDR  01737 am a22004577i 4500
=001  017439845
=003  Uk
=005  20160318092231.0
=008  150605s2014\\\\ag\\\\\\\b\\\f000\0dspa\d
=010  \\$a  2014512335
=020  \\$a9789879145425
=035  \\$a(AR-BaFGC)0-176563/0
=040  \\$aAR-BaFGC$beng$cAR-BaFGC$dDLC$dUk$erda
=042  \\$aukblderived
=043  \\$as-ag---
=050  00$aLA546$b.T74 2014
=245  00$aTreinta años de educación en democracia 1984-2014 /$cAcademia Nacional de Educación.
=246  3\$a30 años de educación en democracia 1894-2014
=250  \\$aPrimera edición.
=264  \1$a[Santiago del Estero, Argentina] :$bFundación Cultural Santiago del Estero ;$aBuenos Aires :$bAcademia Nacional de Educación ;$a[Santiago del Estero, Argentina] :$bFundación Hamburgo,$c2014.
=300  \\$a351 pages ;$c23 cm
=336  \\$atext$2rdacontent
=337  \\$aunmediated$2rdamedia
=338  \\$avolume$2rdacarrier
=504  \\$aIncludes bibliographical references.
=610  20$aAcademia Nacional de Educación (Argentina)
=650  \0$aEducation$zArgentina$xHistory.
=650  \0$aEducation and state$zArgentina$xHistory.
=650  \0$aEducators$zArgentina.
=852  41$aBritish Library$bHMNTS$jYF.2016.a.7440
=856  41$uhttp://core.cambeiro.com.ar/0-176563-0.pdf
=CAT  \\$a6503$b40$c20150709$lBLL01$h1119
=CAT  \\$aBATCH-UPD$b40$c20150709$lBLL01$h1119
=CAT  \\$aFIX-001$c20151007$lBLL01$h1813
=CAT  \\$a10904$b40$c20160318$lBLL01$h0922
=CAT  \\$aBATCH-UPD$b40$c20160318$lBLL01$h0922
=CAT  \\$aBATCH-UPD$b40$c20160703$lBLL01$h2053
=FIN  \\$aY$d20160318
=FMT  \\$a  BK
=LAS  \\$aBATCH-UPD$b40$c20160703$lBLL01$h2053
=SRC  \\$aBLL02

