=LDR  02734 am a22006257i 4500
=001  017439882
=003  Uk
=005  20160318105502.0
=008  150423e201409\\ag\a\\\\\\\\\\000\0\spa\c
=020  \\$a9789876930512
=020  \\$a9876930516
=035  \\$a(OCoLC)918598252
=040  \\$aAR-BaFGC$beng$cN15$dOCLCO$dGZM$dOCLCF$dGUA$dTOZ$dUk$erda
=042  \\$aukblderived
=043  \\$as-ag---
=050  \4$aF2821.3.W65$bD47 2014
=050  \4$aF2823.M3$bD47 2014
=245  00$aDerechos sexuales y reproductivos de las mujeres wichí /$ccompiladoras Fabiana Menna, Silvia María Kelly, Carina Liziardi, Liliana Benítez.
=250  \\$aPrimera edición.
=264  \1$aCiudad Autónoma de Buenos Aires :$bEdiciones CICCUS,$cseptiembre 2014.
=300  \\$a67 pages :$billustrations (some color) ;$c24 cm.
=336  \\$atext$btxt$2rdacontent
=337  \\$aunmediated$bn$2rdamedia
=338  \\$avolume$bnc$2rdacarrier
=490  1\$aColección cultura / Subsecretaría de Cultura, Gobierno de la Provincia de Formosa
=500  \\$a"Gobierno de la Provincia de Formosa; Niwok, Fundación Niwok; Fundación Gran Chaco."
=546  \\$aChapter titles and some words in Mataco.
=650  \0$aMataco women$xHealth and hygiene$zArgentina$zFormosa (Province)
=650  \0$aMataco women$xCivil rights$zArgentina$zFormosa (Province)
=650  \0$aIndian women$xHealth and hygiene$zArgentina$zFormosa (Province)
=650  \0$aSexual health$zArgentina$zFormosa (Province)
=650  \0$aSexual rights$zArgentina$zFormosa (Province)
=650  \0$aReproductive health$zArgentina$zFormosa (Province)
=650  \0$aReproductive rights$zArgentina$zFormosa (Province)
=650  \0$aSex instruction for women$zArgentina$zFormosa (Province)
=650  \7$aIndian women$xHealth and hygiene.$2fast$0(OCoLC)fst00969257
=650  \7$aReproductive health.$2fast$0(OCoLC)fst01095004
=650  \7$aSex instruction for women.$2fast$0(OCoLC)fst01114546
=650  \7$aSexual health.$2fast$0(OCoLC)fst01754480
=651  \7$aArgentina$zFormosa (Province)$2fast$0(OCoLC)fst01331227
=700  1\$aMenna, Fabiana,$eeditor.
=700  1\$aKelly, Silvia María,$eeditor.
=700  1\$aLiziardi, Carina,$eeditor.
=700  1\$aBenítez, Liliana,$eeditor.
=830  \0$aColección cultura (Formosa, Argentina)
=852  41$aBritish Library$bHMNTS$jYF.2016.a.7399
=856  42$uhttp://core.cambeiro.com.ar/0-175972-1.pdf
=CAT  \\$a6503$b40$c20150709$lBLL01$h1152
=CAT  \\$aFIX-001$c20151007$lBLL01$h1813
=CAT  \\$aBATCH-UPD$b00$c20160124$lBLL01$h2037
=CAT  \\$a10904$b40$c20160318$lBLL01$h1055
=FIN  \\$aY$d20160318
=FMT  \\$a  BK
=LAS  \\$a10904$b40$c20160318$lBLL01$h1055
=SID  \\$aZ39$bOCLC

