=LDR  01467cam a22004097i 4500
=001  017458568
=003  Uk
=005  20150922085100.0
=008  150108s2014\\\\ag\ab\\\\b\\\\000\0\spa\d
=020  \\$a9789873359705
=020  \\$a9873359702
=035  \\$a(OCoLC)912242623
=040  \\$aAR-BaFGC$beng$cN15$dOCLCO$dUk$erda
=042  \\$aukblderived
=043  \\$at------$as-ag---
=050  \4$aG872.A7$bF66 2014
=100  1\$aFontana, Pablo,$eauthor.
=245  13$aLa pugna antártica, el conflicto por el sexto continente :$b1939-1959 /$cPablo Fontana.
=264  \1$a[Buenos Aires] :$bGuazuvira Ediciones,$c2014.
=300  \\$a323 pages :$billustrations, maps ;$c21 cm
=336  \\$atext$2rdacontent
=337  \\$aunmediated$2rdamedia
=338  \\$avolume$2rdacarrier
=504  \\$aIncludes bibliographical references (pages 317-323).
=651  \0$aAntarctica$xDiscovery and exploration$xArgentine$xHistory.
=651  \0$aArgentina$xForeign relations$zGreat Britain.
=651  \0$aGreat Britain$xForeign relations$zArgentina.
=651  \0$aArgentina$xForeign relations$y1943-1955.
=852  41$aBritish Library$bHMNTS$jYF.2015.a.19544
=856  41$uhttp://core.cambeiro.com.ar/0-176808-0.pdf
=CAT  \\$a9518$b40$c20150727$lBLL01$h1157
=CAT  \\$a11131$b40$c20150922$lBLL01$h0851
=CAT  \\$aW2308-1659$c20230923$lBLL01$h0953
=FIN  \\$aY$d20150922
=FMT  \\$a  BK
=LAS  \\$aW2308-1659$b00$c20230923$lBLL01$h0953
=SID  \\$aZ39$bOCLC

