=LDR  01593 am a22004337i 4500
=001  017459025
=003  Uk
=005  20170407083303.0
=008  150811s2015\\\\ag\\\\\\\b\\\\000\0dspa\d
=010  \\$a  2016365075
=020  \\$a9789870280361
=035  \\$a(AR-BaFGC)0-178296/0
=040  \\$aAR-BaFGC$beng$cAR-BaFGC$dDLC$dUk$erda
=042  \\$aukblderived
=043  \\$alsfk---$as-ag---$ae-uk---
=050  00$aF3031.5$b.R56 2015
=100  1\$aRios, Cesar,$eauthor.
=245  10$aOperación Gibraltar :$bla verdadera historia de la Operación Algeciras durante la Guerra de Malvinas /$cCésar Ríos.
=264  \1$aBuenos Aires :$bEditorial Dunken,$c2015.
=300  \\$a511 pages ;$c23 cm
=336  \\$atext$2rdacontent
=337  \\$aunmediated$2rdamedia
=338  \\$avolume$2rdacarrier
=504  \\$aIncludes bibliographical references (pages 509-511).
=600  10$aOjeda, Abel Adolfo,$d1962-
=650  \0$aFalkland Islands War, 1982$xPersonal narratives, Argentine.
=650  \0$aFalkland Islands War, 1982$xMilitary intelligence$zArgentina.
=650  \0$aFalkland Islands War, 1982$xNaval operations, Argentine.
=650  \0$aSoldiers$zArgentina$vBiography.
=852  41$aBritish Library$bHMNTS$jYF.2017.a.9326
=856  41$uhttp://core.cambeiro.com.ar/0-178296-0.pdf
=CAT  \\$a9518$b40$c20150728$lBLL01$h1129
=CAT  \\$aBATCH-UPD$b40$c20151004$lBLL01$h2033
=CAT  \\$aFIX-001$c20151007$lBLL01$h1813
=CAT  \\$a11002$b40$c20170407$lBLL01$h0833
=FIN  \\$aY$d20170407
=FMT  \\$a  BK
=LAS  \\$a11002$b40$c20170407$lBLL01$h0833
=SRC  \\$aBLL02

