=LDR  02574 am a2200469 i 4500
=001  018670047
=003  Uk
=005  20180416084121.0
=008  151027s2015\\\\ag\\\\\\\b\\\f000\0\spa\d
=010  \\$a  2016365107
=020  \\$a9789871444342
=035  \\$a(AR-BaFGC)0-166426/4
=040  \\$aAR-BaFGC$beng$cAR-BaFGC$dDLC$dUk$erda
=042  \\$aukblderived
=043  \\$as-ag---
=050  00$aGV1588.6$b.E83 2015
=245  00$aEscribir las danzas :$bcoreografías de las ciencias sociales /$cMaría Julia Carozz, coordinadora ; Ana Abda Carlés, Guadalupe Gallo, Hernán Morel, Denise Osswald, Juan Ignacio Vallejos.
=250  \\$aPrimera edición.
=264  \1$aBuenos Aires, Argentina :$bEditorial Gorla ;$a[La Plata, Argentina] :$bEPC, Ediciones de Periodismo y Comunicación,$c[2015]
=300  \\$a241 pages ;$c21 cm.
=336  \\$atext$2rdacontent
=337  \\$aunmediated$2rdamedia
=338  \\$avolume$2rdacarrier
=490  0\$aColección Música y sociedad
=504  \\$aIncludes bibliographical references.
=505  0\$aLos milongueros del tango salón : campeonatos de baile y políticas culturales estatales / Hernán Morel -- Circular o hacer figuras : movilidades en conflicto en las milongas céntricas porteñas / María Julia Carozzi -- Pistas electrónicas dance : analizando laiisnergia entre música y baile / Guadalupe Gallo -- El Cuerpo-archivo yt la ilusión de la reconstrucción : el caso de la Consagración de la Primavera de Dmominique Brun / Juan Ignacio Vallejos -- El eterno femenino : los nuevos determinismos en la danza escénicas y la injusticia epistémica / Ana Abad Carlés -- Deshacer los hábitos bailando : concepciones alternativas del cuerpo en la transmisión dancística independiente en Buenos Aires / Denisse Oswald.
=650  \0$aDance$xSocial aspects$zArgentina.
=650  \0$aDance$xAnthropological aspects$zArgentina.
=650  \0$aDance$xSocial aspects.
=650  \0$aDance$xAnthropological aspects.
=700  1\$aCarozzi, María Julia,$eeditor.
=700  12$iContainer of (work):$aVallejos, Juan Ignacio.$tEl cuerpo-archivo y la ilusción de la reconstrucción.
=852  41$aBritish Library$bHMNTS$jYF.2018.a.6651
=856  41$uhttp://core.cambeiro.com.ar/0-166426-4.pdf
=CAT  \\$a6503$b40$c20180104$lBLL01$h1416
=CAT  \\$a10904$b40$c20180416$lBLL01$h0839
=CAT  \\$a10904$b40$c20180416$lBLL01$h0840
=CAT  \\$a10904$b40$c20180416$lBLL01$h0841
=FIN  \\$aY$d20180416
=FMT  \\$a  BK
=LAS  \\$a10904$b40$c20180416$lBLL01$h0841
=SRC  \\$aBLL02

