=LDR  01636 am a2200421 i 4500
=001  018670142
=003  Uk
=005  20180302085232.0
=008  151015e201506\\ag\a\\\\\b\\\\000\0\spa\d
=010  \\$a  2016365146
=020  \\$a9789876202763
=035  \\$a(AR-BaFGC)0-178086/0
=040  \\$aAR-BaFGC$beng$cAR-BaFGC$dDLC$dUk$erda
=042  \\$aukblderived
=043  \\$acl-----$an-cn---
=050  00$aF1035.L27$bC66 2015
=100  1\$aComuzzi, Inés,$eauthor.
=245  10$aIntegración de inmigrantes latinoamericanos en Canadá :$bpolíticas sociales y problemáticas de inserción de los inmigrantes /$cInés Comuzzi.
=264  \1$aBuenos Aires :$bEduca, Editorial de la Universidad Católica Argentina,$cjunio de 2015.
=300  \\$a359 pages :$billustrations ;$c24 cm
=336  \\$atext$2rdacontent
=337  \\$aunmediated$2rdamedia
=338  \\$avolume$2rdacarrier
=500  \\$aOriginally presented as the author's thesis (doctoral)--Pontificia Universidad Católica Argentina Santa María de los Buenos Aires.
=500  \\$a"Anexo": pages 319-333.
=504  \\$aIncludes bibliographical references (pages 335-350).
=650  \0$aLatin Americans$zCanada.
=650  \0$aImmigrants$zCanada.
=650  \0$aImmigrants$xCultural assimilation$zCanada.
=650  \0$aSocial integration$zCanada.
=852  41$aBritish Library$bHMNTS$jYF.2018.a.3820
=856  41$uhttp://core.cambeiro.com.ar/0-178086-0.pdf
=CAT  \\$a6503$b40$c20180104$lBLL01$h1533
=CAT  \\$a11002$b40$c20180302$lBLL01$h0852
=FIN  \\$aY$d20180302
=FMT  \\$a  BK
=LAS  \\$a11002$b40$c20180302$lBLL01$h0852
=SRC  \\$aBLL02

