=LDR  01589 am a2200409 i 4500
=001  018670170
=003  Uk
=005  20180319093112.0
=008  160709s2016\\\\ag\\\\\\\b\\\\000\0\spa\d
=010  \\$a  2016366074
=020  \\$a9789873864346
=035  \\$a(AR-BaFGC)0-162799/47
=040  \\$aAR-BaFGC$beng$cAR-BaFGC$dDLC$dUk$erda
=042  \\$aukblderived
=043  \\$as-ag---
=050  00$aF3011.R46$bE83 2016
=100  1\$aEscudero, Eduardo$q(Eduardo A.),$eauthor.
=245  10$aCultura histórica y usos del pasado :$bmemoria, identidades y política en una experiencia local (Río Cuarto, 1947-1986) /$cEduardo A. Escudero.
=264  \1$aRosario :$bProhistoria Ediciones,$c2016.
=300  \\$a342 pages ;$c23 cm.
=336  \\$atext$2rdacontent
=337  \\$aunmediated$2rdamedia
=338  \\$avolume$2rdacarrier
=490  0\$aColección Universidad ;$v49
=500  \\$aPublished in Rosario, Santa Fe, Argentina.
=500  \\$aOriginally presented as the author's thesis (doctoral--Universidad Nacional de Córdoba, 2015).
=504  \\$aIncludes bibliographical references (pages 337-342).
=650  \0$aCollective memory$zArgentina$zRío Cuarto$xHistory$y20th century.
=651  \0$aRío Cuarto (Argentina)$xPolitics and government$y20th century.
=852  41$aBritish Library$bHMNTS$jYF.2018.a.4735
=856  41$uhttp://core.cambeiro.com.ar/0-162799-47.pdf
=CAT  \\$a6503$b40$c20180104$lBLL01$h1557
=CAT  \\$a11131$b40$c20180319$lBLL01$h0931
=FIN  \\$aY$d20180319
=FMT  \\$a  BK
=LAS  \\$a11131$b40$c20180319$lBLL01$h0931
=SRC  \\$aBLL02

