=LDR  01292 am a2200373 i 4500
=001  018670171
=003  Uk
=005  20180620142258.0
=008  160126s2014\\\\ag\\\\\\\b\\\\000\0\spa\d
=010  \\$a  2016365585
=020  \\$a9789876192361
=035  \\$a(AR-BaFGC)0-177206/0
=040  \\$aAR-BaFGC$beng$cAR-BaFGC$dDLC$dUk$erda
=042  \\$aukblderived
=043  \\$as-ag---
=050  00$aRC212.A72$bC67 2014
=100  1\$aMonzón Wyngaard, Alvaro,$eauthor.
=245  10$aPoder y epidemia de fiebre amarilla :$bestudio de caso /$cÁlvaro Monzón Wyngaard.
=264  \1$aCorrientes, Argentina :$bMoglia Ediciones,$c[2014]
=300  \\$a174 pages ;$c21 cm
=336  \\$atext$2rdacontent
=337  \\$aunmediated$2rdamedia
=338  \\$avolume$2rdacarrier
=504  \\$aIncludes bibliographical reference (pages 167-172).
=650  \0$aYellow fever$zArgentina$zCorrientes (Province)$xHistory.
=650  \0$aMedical policy$zArgentina$zCorrientes (Province)$xHistory.
=852  41$aBritish Library$bHMNTS$jYF.2018.a.10393
=856  41$uhttp://core.cambeiro.com.ar/0-177206-0.pdf
=CAT  \\$a6503$b40$c20180104$lBLL01$h1558
=CAT  \\$a10904$b40$c20180620$lBLL01$h1422
=FIN  \\$aY$d20180620
=FMT  \\$a  BK
=LAS  \\$a10904$b40$c20180620$lBLL01$h1422
=SRC  \\$aBLL02

