=LDR  01654 am a2200457 i 4500
=001  018670179
=003  Uk
=005  20180911084054.0
=008  170610e201608\\ag\a\\\\\b\\\\000\0\spa\d
=010  \\$a  2017371507
=020  \\$a9789873789212
=035  \\$a(AR-BaFGC)0-166468/4
=035  \\$a(OCoLC) 990687220
=040  \\$aAR-BaFGC$beng$cAR-BaFGC$dDLC$dUk$erda
=042  \\$aukblderived
=043  \\$as-ag---
=050  00$aF2849.2$b.C3366 2016
=100  1\$aCarrera, Pablo,$eauthor.
=245  10$aPrensa para la revolución :$bcomunicación política y de masas en el PRT-ERP y Montoneros /$cPablo Carrera y Néstor Denza.
=250  \\$aPrimera edición.
=264  \1$a[Argentina] :$bTren en Movimiento,$cagosto 2016.
=300  \\$a317 pages :$billustrations ;$c23 cm.
=336  \\$atext$2rdacontent
=337  \\$aunmediated$2rdamedia
=338  \\$avolume$2rdacarrier
=490  0\$aSentidos del libro
=504  \\$aIncludes bibliographical references (pages 315-317).
=610  20$aEjército Revolucionario del Pueblo (Argentina)$xPeriodicals.
=610  20$aOrganización Montoneros (Argentina)$xPeriodicals.
=650  \0$aCommunication in politics$zArgentina.
=650  \0$aLeft-wing extremists$zArgentina.
=651  \0$aArgentina$xPolitics and government$y1955-1983.
=700  1\$aDenza, Néstor,$eauthor.
=852  41$aBritish Library$bHMNTS$jYF.2018.a.16080
=856  41$uhttp://core.cambeiro.com.ar/0-166468-4.pdf
=CAT  \\$a6503$b40$c20180104$lBLL01$h1615
=CAT  \\$a10904$b40$c20180911$lBLL01$h0840
=FIN  \\$aY$d20180911
=FMT  \\$a  BK
=LAS  \\$a10904$b40$c20180911$lBLL01$h0840
=SRC  \\$aBLL02

