=LDR  01729 am a2200421 i 4500
=001  018670182
=003  Uk
=005  20180319074558.0
=008  161104s2016\\\\ag\\\\\\\b\\\\000\0\spa\d
=010  \\$a  2016366759
=020  \\$a9789876915267
=035  \\$a(AR-BaFGC)0-170299/4
=040  \\$aAR-BaFGC$beng$cAR-BaFGC$dDLC$dUk$erda
=042  \\$aukblderived
=043  \\$as-ag---$as-bl---
=050  00$aGV235$b.G35 2016
=100  1\$aGalak, Eduardo,$eauthor.
=245  10$aEducar los cuerpos al servicio de la política :$bcultura física, higienismo, raza y eugenesia en Argentina y Brasil /$cEduardo Galak.
=264  \1$a[Avellaneda, Argentina] :$bUNDAV Ediciones, Universidad Nacional de Avellaneda,$c[2016]
=300  \\$a203 pages ;$c23 cm.
=336  \\$atext$2rdacontent
=337  \\$aunmediated$2rdamedia
=338  \\$avolume$2rdacarrier
=490  0\$aColección El cuerpo propio
=500  \\$aBased on the author's postdoctoral research--Universidade Federal de Minas Gerais.
=504  \\$aIncludes bibliographical references (pages 187-203).
=650  \0$aPhysical education and training$xPolitical aspects$zArgentina$xHistory$y20th century.
=650  \0$aEugenics$xPolitical aspects$zArgentina$xHistory$y20th century.
=650  \0$aPhysical education and training$xPolitical aspects$zBrazil$xHistory$y20th century.
=650  \0$aEugenics$xPolitical aspects$zBrazil$xHistory$y20th century.
=852  41$aBritish Library$bHMNTS$jYF.2018.a.4727
=856  41$uhttp://core.cambeiro.com.ar/0-170299-4.pdf
=CAT  \\$a6503$b40$c20180104$lBLL01$h1617
=CAT  \\$a11131$b40$c20180319$lBLL01$h0745
=FIN  \\$aY$d20180319
=FMT  \\$a  BK
=LAS  \\$a11131$b40$c20180319$lBLL01$h0745
=SRC  \\$aBLL02

