=LDR  01266 am a2200385 i 4500
=001  018670184
=003  Uk
=005  20180312131535.0
=008  170608s2017\\\\ag\a\\\\\\\\\\000\0cspa\d
=010  \\$a  2017371407
=020  \\$a9789873951206
=035  \\$a(AR-BaFGC)0-159211/17
=035  \\$a(OCoLC) 989709715
=040  \\$aAR-BaFGC$beng$cAR-BaFGC$dDLC$dUk$erda
=042  \\$aukblderived
=043  \\$as-ag---
=050  00$aHX867.5$b.V53 2017
=245  00$aVidas de fuego :$bbiografías anarquistas /$cWalter Marini, compilador.
=264  \1$aLomas de Zamora, Buenos Aires, Argentina :$bEditorial Sudestada,$c[2017]
=300  \\$a124 pages :$billustrations ;$c23 cm.
=336  \\$atext$2rdacontent
=337  \\$aunmediated$2rdamedia
=338  \\$avolume$2rdacarrier
=490  0\$aCuadernos de Sudestada ;$v23
=650  \0$aAnarchists$zArgentina$vBiography.
=700  1\$aMarini, Walter,$d1974-
=852  41$aBritish Library$bHMNTS$jYF.2018.a.4378
=856  41$uhttp://core.cambeiro.com.ar/0-159211-17.pdf
=CAT  \\$a6503$b40$c20180104$lBLL01$h1620
=CAT  \\$a10904$b40$c20180310$lBLL01$h1046
=CAT  \\$a8962$b40$c20180312$lBLL01$h1315
=FIN  \\$aY$d20180310
=FMT  \\$a  BK
=LAS  \\$a8962$b40$c20180312$lBLL01$h1315
=SRC  \\$aBLL02

