=LDR  01759 am a2200445 i 4500
=001  018670187
=003  Uk
=005  20180613093026.0
=008  170523s2016\\\\ag\a\\\\\b\\\f000\0\spa\d
=010  \\$a  2017371205
=020  \\$a9789877540024
=035  \\$a(AR-BaFGC)0-101812/24
=035  \\$a(OCoLC) 987976613
=040  \\$aAR-BaFGC$beng$cAR-BaFGC$dDLC$dUk$erda
=042  \\$aukblderived
=043  \\$as-ag---
=050  00$aHD6604.S85$bN37 2016
=100  1\$aNassif, Silvia,$d1983-$eauthor.
=245  10$aTucumán en llamas :$bel cierre de ingenios y la lucha obrera contra la dictadura (1966-1973) /$cSilvia Nassif.
=250  \\$a1ra edición.
=264  \1$aSan Miguel de Tucumán [Argentina] :$bUniversidad Nacional de Tucumán, Facultad de Filosofía y Letras,$c[2016]
=300  \\$a730 pages :$billustrations ;$c23 cm.
=336  \\$atext$2rdacontent
=337  \\$aunmediated$2rdamedia
=338  \\$avolume$2rdacarrier
=490  0\$aColección Tesis
=500  \\$aBased on the author's thesis (doctoral)--Universidad Nacional de Buenos Aires, 2015.
=504  \\$aIncludes bibliographical references.
=650  \0$aSugar workers$xLabor unions$xPolitical activity$zArgentina$zTucumán$xHistory$y20th century.
=650  \0$aRiots$zArgentina$zTucumán$xHistory$y20th century.
=650  \0$aPolitical violence$zArgentina$zTucumán$xHistory$y20th century.
=651  \0$aArgentina$xPolitics and government$y1955-1983.
=852  41$aBritish Library$bHMNTS$jYF.2018.a.9886
=856  41$uhttp://core.cambeiro.com.ar/0-101812-24.pdf
=CAT  \\$a6503$b40$c20180104$lBLL01$h1624
=CAT  \\$a11002$b40$c20180613$lBLL01$h0930
=FIN  \\$aY$d20180613
=FMT  \\$a  BK
=LAS  \\$a11002$b40$c20180613$lBLL01$h0930
=SRC  \\$aBLL02

