=LDR  01324 am a2200409 i 4500
=001  018670190
=003  Uk
=005  20180416133852.0
=008  160516s2016\\\\ag\\\\\\\b\\\\000\0bspa\d
=010  \\$a  2016365846
=020  \\$a9789504951605
=035  \\$a(AR-BaFGC)0-182863/0
=040  \\$aAR-BaFGC$beng$cAR-BaFGC$dDLC$dUk$erda
=042  \\$aukblderived
=043  \\$as-ag---
=050  00$aF2845.B378$bP54 2016
=100  1\$aPigna, Felipe,$eauthor.
=245  10$aManuel Belgrano :$bel hombre del bicentenario /$cFelipe Pigna.
=264  \1$aC.A.B.A. :$bPlaneta,$c[2016]
=300  \\$a437 pages ;$c23 cm
=336  \\$atext$2rdacontent
=337  \\$aunmediated$2rdamedia
=338  \\$avolume$2rdacarrier
=500  \\$aPublished in Buenos Aires.
=504  \\$aIncludes bibliographical references.
=600  10$aBelgrano, Manuel,$d1770-1820.
=650  \0$aGenerals$zArgentina$vBiography.
=651  \0$aArgentina$xHistory$y1776-1810.
=651  \0$aArgentina$xHistory$yWar of Independence, 1810-1817.
=852  41$aBritish Library$bHMNTS$jYF.2018.a.6567
=856  41$uhttp://core.cambeiro.com.ar/0-182863-0.pdf
=CAT  \\$a6503$b40$c20180104$lBLL01$h1625
=CAT  \\$a10904$b40$c20180416$lBLL01$h1338
=FIN  \\$aY$d20180416
=FMT  \\$a  BK
=LAS  \\$a10904$b40$c20180416$lBLL01$h1338
=SRC  \\$aBLL02

