=LDR  01851 am a2200481 i 4500
=001  018670709
=003  Uk
=005  20180911120601.0
=008  160414s2016\\\\ag\a\\\\\b\\\\001\0\spa\d
=010  \\$a  2016365711
=020  \\$a9789875747418
=035  \\$a(AR-BaFGC)0-140071/15
=040  \\$aAR-BaFGC$beng$cAR-BaFGC$dDLC$dUk$erda
=041  \\$aspa$hfre
=042  \\$aukblderived
=043  \\$as-ag---$an-mx---
=050  00$aF2821.3.G65$bB4718
=100  1\$aBernand, Carmen,$d1939-$eauthor.
=240  10$aIndiens face à la construction de l'État-nation.$lSpanish
=245  14$aLos indígenas y la construcción del Estado-Nación :$b(Argentina y México, 1810-1920) : historia y antropología de un enfrentamiento /$cCarmen Bernand.
=264  \1$aBuenos Aires, Argentina :$bPrometeo Libros,$c[2016]
=300  \\$a395 pages :$billustrations ;$c24 cm.
=336  \\$atext$2rdacontent
=337  \\$aunmediated$2rdamedia
=338  \\$avolume$2rdacarrier
=490  0\$aColección Historia argentina
=500  \\$aPreviously published in French: Neuilly : Atlande, c2013.
=504  \\$aIncludes bibliographical references (pages 347-364) and indexes.
=650  \0$aIndians of South America$zArgentina$xGovernment relations.
=650  \0$aIndians of Mexico$xGovernment relations.
=650  \0$aIndians of South America$zArgentina$xCivilization.
=650  \0$aIndians of Mexico$xCivilization.
=651  \0$aArgentina$xHistory.
=651  \0$aMexico$xHistory.
=852  41$aBritish Library$bHMNTS$jYF.2018.a.16068
=856  41$uhttp://core.cambeiro.com.ar/0-140071-15.pdf
=CAT  \\$a6503$b40$c20180105$lBLL01$h0831
=CAT  \\$a10904$b40$c20180911$lBLL01$h1205
=CAT  \\$a10904$b40$c20180911$lBLL01$h1206
=FIN  \\$aY$d20180911
=FMT  \\$a  BK
=LAS  \\$a10904$b40$c20180911$lBLL01$h1206
=SID  \\$aZ39$bLOC

