=LDR  02191 am a2200421 i 4500
=001  018670738
=003  Uk
=005  20180912094122.0
=008  150929s2015\\\\ag\a\\\\\b\\\f000\0\spa\d
=010  \\$a  2016366270
=020  \\$a9789873366109
=035  \\$a(AR-BaFGC)0-179881/3
=040  \\$aAR-BaFGC$beng$cAR-BaFGC$dDLC$dUk$erda
=042  \\$aukblderived
=050  00$aPQ7798.25.E7$bZ53 2014
=100  1\$aBerone, Lucas,$eauthor.
=240  10$aEssays.$kSelections
=245  10$aSiete intentos de escritura sobre Héctor Oesterheld :$bgéneros, intertextos y temas de la historieta argentina clásica /$cLucas Rafael Berone.
=246  34$a7 intentos de escritura sobre Héctor Oesterheld
=264  \1$a[Córdoba, Argentina] :$bEscuela de Ciencias de la Información, Facultad de Derecho y Ciencias Sociales, Universidad Nacional de Córdoba,$c2015.
=300  \\$a120 pages :$billustrations ;$c21 cm.
=336  \\$atext$2rdacontent
=337  \\$aunmediated$2rdamedia
=338  \\$avolume$2rdacarrier
=490  0\$aColección Estudios y crítica de la historieta argentina ;$vvolumen 7
=504  \\$aIncludes bibliographical references (pages 117-120).
=505  0\$aLas pesadillas de H. G. Oesterheld -- La memoria y la ficción en el mercado : notas sobre Mort Cinder -- El humanismo de Oesterheld : notas sobre el tiempo "abierto" de la historia -- Buenos Aires era una ruina : imágenes de la ciuda y alegoría de lo "propio" en la historieta nacional -- Las continuaciones de El Eternauta -- H. G. Oesterheld, narrador de la última experiencia -- Destino y carácter en la historia Watami, de Oesterheld y Moliterni.
=600  10$aOesterheld, H. G.$q(Héctor Germán),$d1919-1977$xCriticism and interpretation.
=700  12$iContainer of (work):$aBerone, Lucas.$tPesadillas de H. G. Oesterheld.
=852  41$aBritish Library$bHMNTS$jYF.2018.a.16110
=856  41$uhttp://core.cambeiro.com.ar/0-179881-3.pdf
=CAT  \\$a6503$b40$c20180105$lBLL01$h0910
=CAT  \\$a10904$b40$c20180911$lBLL01$h1317
=CAT  \\$a5100$b40$c20180912$lBLL01$h0941
=FIN  \\$aY$d20180911
=FMT  \\$a  BK
=LAS  \\$a5100$b40$c20180912$lBLL01$h0941
=SRC  \\$aBLL02

