=LDR  02010 am a2200469 i 4500
=001  018670744
=003  Uk
=005  20180310092645.0
=008  160114s2015\\\\ag\\\\\\\b\\\\000\0dspa\d
=010  \\$a  2016365356
=020  \\$a9789505636037
=035  \\$a(AR-BaFGC)0-138253/4
=040  \\$aAR-BaFGC$beng$cAR-BaFGC$dDLC$dUk$erda
=042  \\$aukblderived
=043  \\$as-ag---
=050  00$aPN2021$b.K37 2015
=100  1\$aKartun, Mauricio,$d1946-$eauthor.
=240  10$aEscritos
=245  10$aEscritos, 1975-2015 /$cMauricio Kartun ; recopilación y prólogo de Jorge Dubatti.
=264  \1$aBuenos Aires, Argentina :$bwww.colihue.com.ar,$c[2015]
=300  \\$a324 pages ;$c22 cm.
=336  \\$atext$2rdacontent
=337  \\$aunmediated$2rdamedia
=338  \\$avolume$2rdacarrier
=490  0\$aColihue teatro. Praxis teatral
=500  \\$aEn 2001 compilamos Escritos, bajo el sello Libros del Rojas (Centro Cultural Rector Ricardo Rojas, Universidad de Buenos Aires), una primera selección de veintinueve de esos textos correspondientes al período 1975-2001, que se agotó rápidamente. Poco más tarde la Colección Colihue Teatro, en su Serie Praxis Teatral, amplió la lista con una nueva edición -publicada en 2006-, que incorporó quince textos más. Hoy, en esta tercera compilación, abarcamos la producción de Kartun entre 1975 y 2015 y se suman cuar.
=504  \\$aIncludes bibliographical references.
=600  10$aKartun, Mauricio,$d1946-
=650  \0$aTheater.
=650  \0$aDrama.
=650  \0$aTheater$zArgentina.
=651  \0$aArgentina$xDrama.
=700  1\$aDubatti, Jorge,$d1963-$eeditor.
=852  41$aBritish Library$bHMNTS$jYF.2018.a.4205
=856  41$uhttp://core.cambeiro.com.ar/0-138253-4.pdf
=CAT  \\$a6503$b40$c20180105$lBLL01$h0916
=CAT  \\$a10904$b40$c20180310$lBLL01$h0925
=CAT  \\$a10904$b40$c20180310$lBLL01$h0926
=FIN  \\$aY$d20180310
=FMT  \\$a  BK
=LAS  \\$a10904$b40$c20180310$lBLL01$h0926
=SRC  \\$aBLL02

