=LDR  01576 am a2200409 i 4500
=001  018670750
=003  Uk
=005  20180620114851.0
=008  160328s2015\\\\ag\\\\\\\b\\\f000\0\spa\d
=010  \\$a  2016365597
=020  \\$a9789876302210
=035  \\$a(AR-BaFGC)0-182187/1
=040  \\$aAR-BaFGC$beng$cAR-BaFGC$dDLC$dUk$erda
=042  \\$aukblderived
=043  \\$as-ag---
=050  00$aPQ6352$b.F66 2015
=100  1\$aFonsalido, María Elena,$eauthor.
=240  00$aEssays.$kSelections
=245  10$aNo padre, sino padrastro :$blecturas críticas del Quijote en la narrativa argentina /$cMaría Elena Fonsalido.
=264  \1$aLos Polvorines, Prov. de Buenos Aires, Argentina :$bEdiciones UNGS, Universidad Nacional de General Sarmiento,$c[2015]
=300  \\$a82 pages ;$c23 cm.
=336  \\$atext$2rdacontent
=337  \\$aunmediated$2rdamedia
=338  \\$avolume$2rdacarrier
=490  0\$aColección Comunicación, artes y cultura. Serie Sobre literatura
=504  \\$aIncludes bibliographical references.
=600  10$aCervantes Saavedra, Miguel de,$d1547-1616.$tDon Quixote.
=600  10$aCervantes Saavedra, Miguel de,$d1547-1616$xCriticism and interpretation.
=650  \0$aArgentine fiction$y20th century$xHistory and criticism.
=852  41$aBritish Library$bHMNTS$jYF.2018.a.10388
=856  41$uhttp://core.cambeiro.com.ar/0-182187-1.pdf
=CAT  \\$a6503$b40$c20180105$lBLL01$h0921
=CAT  \\$a10904$b40$c20180620$lBLL01$h1148
=FIN  \\$aY$d20180620
=FMT  \\$a  BK
=LAS  \\$a10904$b40$c20180620$lBLL01$h1148
=SRC  \\$aBLL02

