=LDR  01537 am a2200421 i 4500
=001  018670759
=003  Uk
=005  20180310091644.0
=008  170421s2017\\\\ag\\\\\\\b\\\\000\0\spa\d
=010  \\$a  2017371176
=020  \\$a9789876915397
=035  \\$a(AR-BaFGC)0-135468/38
=040  \\$aAR-BaFGC$beng$cAR-BaFGC$dDLC$dUk$erda
=042  \\$aukblderived
=043  \\$acl-----
=050  00$aPQ7082.H57$bH68 2017
=100  1\$aHoude, Caroline,$eauthor.
=245  13$aEl imaginario colombino :$begoescritura, creación literaria y memoria histórica en Carpentier, Posse y Roa Bastos /$cCaroline Houde.
=264  \1$aBuenos Aires :$bEditorial Biblos,$c[2017]
=300  \\$a252 pages ;$c23 cm.
=336  \\$atext$2rdacontent
=337  \\$aunmediated$2rdamedia
=338  \\$avolume$2rdacarrier
=490  0\$aTeoría y crítica
=504  \\$aIncludes bibliographical references (pages 239-252).
=600  10$aColumbus, Christopher$xIn literature.
=600  10$aCarpentier, Alejo,$d1904-1980.$tArpa y la sombra.
=600  10$aPosse, Abel.$tPerros del paraíso.
=600  10$aRoa Bastos, Augusto,$d1917-2005.$tVigilia del Almirante.
=650  \0$aHistorical fiction, Latin American$xHistory and criticism.
=852  41$aBritish Library$bHMNTS$jYF.2018.a.4204
=856  41$uhttp://core.cambeiro.com.ar/0-135468-38.pdf
=CAT  \\$a6503$b40$c20180105$lBLL01$h0927
=CAT  \\$a10904$b40$c20180310$lBLL01$h0916
=FIN  \\$aY$d20180310
=FMT  \\$a  BK
=LAS  \\$a10904$b40$c20180310$lBLL01$h0916
=SRC  \\$aBLL02

