=LDR  01644 am a2200421 i 4500
=001  018670795
=003  Uk
=005  20180620110557.0
=008  160308s2015\\\\ag\\\\\\\b\\\f000\0\spa\d
=010  \\$a  2016365449
=020  \\$a9789873920080
=035  \\$a(AR-BaFGC)0-162812/10
=040  \\$aAR-BaFGC$beng$cAR-BaFGC$dDLC$dUk$erda
=042  \\$aukblderived
=043  \\$as-ag---
=050  00$aUA613$b.B39 2015
=100  10$aBernetti, Jorge Luis,$eauthor.
=245  13$aLa guerra de papel :$bcomunicación y defensa en el kirchnerismo (2005-2007) /$cJorge Luis Bernetti.
=246  30$aComunicación y defensa en el kirchnerismo (2005-2007)
=264  \1$aBuenos Aires :$bCentro Cultural de la Cooperación Floreal Gorini ;$a[Bernal, provincia de Buenos Aires, Argentina] :$bUniversidad Nacional de Quilmes,$c[2015]
=300  \\$a554 pages ;$c23 cm.
=336  \\$atext$2rdacontent
=337  \\$aunmediated$2rdamedia
=338  \\$avolume$2rdacarrier
=490  0\$aPensamiento crítico
=500  \\$aBased on the author's thesis (doctoral)--Universidad Nacional de La Plata, 2013.
=504  \\$aIncludes bibliographical references (pages 515-545).
=650  \0$aGovernment and the press$zArgentina.
=651  \0$aArgentina$xMilitary policy$xPress coverage.
=651  \0$aArgentina$xPolitics and government$y2002-
=852  41$aBritish Library$bHMNTS$jYF.2018.a.10394
=856  41$uhttp://core.cambeiro.com.ar/0-162812-10.pdf
=CAT  \\$a6503$b40$c20180105$lBLL01$h1023
=CAT  \\$a10904$b40$c20180620$lBLL01$h1105
=FIN  \\$aY$d20180620
=FMT  \\$a  BK
=LAS  \\$a10904$b40$c20180620$lBLL01$h1105
=SRC  \\$aBLL02

