=LDR  02250 am a2200481 i 4500
=001  018670803
=003  Uk
=005  20180616073559.0
=008  160304s2015\\\\ag\a\\\\\b\\\\000\0\spa\d
=010  \\$a  2016365480
=020  \\$a9789873920134
=035  \\$a(AR-BaFGC)0-181840/0
=040  \\$aAR-BaFGC$beng$cAR-BaFGC$dDLC$dUk$erda
=042  \\$aukblderived
=043  \\$acl-----
=050  00$aJC359$b.I456 2015
=245  03$aEl imaginario antiimperialista en América Latina /$cAndrés Kozel, Florencia Grossi, Delfina Moroni (coordinadores).
=264  \1$aBuenos Aires, Argentina :$bEdiciones del CCC Centro Cultural de la Cooperación Floreal Gorini, :$bCLACSO,$c[2015]
=300  \\$a420 pages :$billustrations ;$c23 cm
=336  \\$atext$2rdacontent
=337  \\$aunmediated$2rdamedia
=338  \\$avolume$2rdacarrier
=500  \\$a"Buena parte de los materiales que ... integran [este libro] fueron presentados y debatidos en el Coloquio Internacional El antiimperalismo latinoamericano: discursos y prácticas. Homenaje Augusto C. Sandino, realizado en Managua durante el mes de junio de 2014"--Page 17.
=504  \\$aIncludes bibliographical references.
=650  \0$aAnti-imperialist movements$zLatin America$xHistory$vCongresses.
=650  \0$aImperialism$xPublic opinion$vCongresses.
=650  \0$aDiscourse analysis$zLatin America$vCongresses.
=650  \0$aIntellectuals$zLatin America$xAttitudes$vCongresses.
=650  \0$aPublic opinion$zLatin America$vCongresses.
=700  1\$aKozel, Andrés,$eeditor.
=700  1\$aGrossi, Florencia,$eeditor.
=700  1\$aMoroni, Delfina,$eeditor.
=700  12$iContainer of (work):$aKozel, Andrés.$tEstaciones del antiimperialismo rioplatense.
=711  2\$aColoquio Internacional El Antiimperialismo Latinoamericano: Discursos y Pácticas. Homenaje Augusto C. Sandino$d(2014 :$cManagua, Nicaragua)
=852  41$aBritish Library$bHMNTS$jYF.2018.a.10204
=856  41$uhttp://core.cambeiro.com.ar/0-181840-0.pdf
=CAT  \\$a6503$b40$c20180105$lBLL01$h1028
=CAT  \\$aBATCH-UPD$b40$c20180105$lBLL01$h1028
=CAT  \\$a11002$b40$c20180616$lBLL01$h0736
=FIN  \\$aY$d20180616
=FMT  \\$a  BK
=LAS  \\$a11002$b40$c20180616$lBLL01$h0736
=SRC  \\$aBLL02

