=LDR  02049 am a2200481 i 4500
=001  018670805
=003  Uk
=005  20180621144537.0
=008  160405s2015\\\\ag\a\\\\\b\\\\100\0\spa\d
=010  \\$a  2016365688
=020  \\$a9789873920141
=035  \\$a(AR-BaFGC)0-180986/1
=040  \\$aAR-BaFGC$beng$cAR-BaFGC$dDLC$dUk$erda
=042  \\$aukblderived
=043  \\$as------
=050  00$aHD9539.L583$bS68 2013
=111  2\$aSeminario ABC del Litio Sudamericano: ¿nuevo commodity o recurso estratégico?$n(1st :$d2013 :$cArgentina)
=245  10$aABC del litio sudamericano :$bsoberanía, ambiente, tecnología e industria /$ccoordinadores Federico Nacif, Miguel Lacabana.
=264  \1$aBuenos Aires, Argentina :$bCentro Cultural de la Cooperación Floreal Gorini ;$aBernal, Buenos Aires, Argentinal :$bUniversidad Nacional de Quilmes,$c[2015]
=300  \\$a463 pages :$billustrations ;$c23 cm
=336  \\$atext$2rdacontent
=337  \\$aunmediated$2rdamedia
=338  \\$avolume$2rdacarrier
=490  0\$aColección Economía y sociedad
=500  \\$aTitle and subtitle on cover and title page corresponds to the second Seminary, held in 2015.
=504  \\$aIncludes bibliographical references.
=650  \0$aLithium industry$zSouth America$vCongresses.
=700  1\$aNacif, Federico,$eeditor.
=700  1\$aLacabana, Miguel,$eeditor.
=710  2\$aUniversidad Nacional de Quilmes,$esponsoring body.
=710  2\$aCentro Cultural de la Cooperación (Buenos Aires, Argentina),$esponsoring body.
=852  41$aBritish Library$bHMNTS$jYF.2018.a.10499
=856  41$uhttp://core.cambeiro.com.ar/0-180986-1.pdf
=CAT  \\$a6503$b40$c20180105$lBLL01$h1029
=CAT  \\$a10904$b40$c20180621$lBLL01$h0922
=CAT  \\$a10904$b40$c20180621$lBLL01$h0923
=CAT  \\$a5100$b40$c20180621$lBLL01$h1445
=CAT  \\$aBATCH-UPD$b40$c20180621$lBLL01$h1446
=CAT  \\$aBATCH-UPD$b40$c20180624$lBLL01$h2050
=FIN  \\$aY$d20180621
=FMT  \\$a  BK
=LAS  \\$aBATCH-UPD$b40$c20180624$lBLL01$h2050
=SID  \\$aZ39$bLOC

