=LDR  01707 am a2200445 i 4500
=001  018670807
=003  Uk
=005  20181102081630.0
=008  170420e201507\\ag\a\\\\\b\\\\000\0\spa\d
=010  \\$a  2017371242
=020  \\$a9789876521550
=035  \\$a(AR-BaFGC)0-137297/24
=040  \\$aAR-BaFGC$beng$cAR-BaFGC$dDLC$dUk$erda
=042  \\$aukblderived
=043  \\$as-ag---
=050  00$aHC175$b.O86 2015
=100  1\$aOtero, Álvaro Carlos,$eauthor.
=245  10$aDías para llorar :$bcronología analítica de la gran crisis de 2001 desde sus antecedentes a mediados de los 70 /$cÁlvaro Carlos Otero.
=250  \\$a1o edición.
=264  \1$aC.A.B.A., Argentina :$bEC, Ediciones Cooperativas,$cJulio 2015.
=300  \\$a423 pages :$billustrations ;$c21 cm.
=336  \\$atext$2rdacontent
=337  \\$aunmediated$2rdamedia
=338  \\$avolume$2rdacarrier
=490  0\$aColección Tesis y tesinas de historia económica
=500  \\$a"Apéndices": pages 413-417.
=500  \\$aPlace of publication: Buenos Aires, Argentina.
=502  \\$aEspecialización en Historia Económica y de las Políticas Económicas$bUniversidad de Buenos Aires$c2013.
=504  \\$aIncludes bibliographical references (pages 418-423).
=650  \0$aFinancial crises$zArgentina.
=651  \0$aArgentina$xEconomic policy.
=651  \0$aArgentina$xEconomic conditions$y1983-
=852  41$aBritish Library$bHMNTS$jYF.2018.a.18942
=856  41$uhttp://core.cambeiro.com.ar/0-137297-24.pdf
=CAT  \\$a6503$b40$c20180105$lBLL01$h1030
=CAT  \\$a10904$b40$c20181102$lBLL01$h0816
=FIN  \\$aY$d20181102
=FMT  \\$a  BK
=LAS  \\$a10904$b40$c20181102$lBLL01$h0816
=SRC  \\$aBLL02

