=LDR  01531 am a2200421 i 4500
=001  018670825
=003  Uk
=005  20180416091702.0
=008  160524e201604\\ag\\\\\\\b\\\\000\0\spa\d
=010  \\$a  2016365861
=020  \\$a9789871309245
=035  \\$a(AR-BaFGC)0-178444/8
=040  \\$aAR-BaFGC$beng$cAR-BaFGC$dDLC$dUk$erda
=042  \\$aukblderived
=043  \\$as-ag---
=050  00$aHQ799.2.P6$bK75 2016
=100  10$aKriger, Miriam E.,$d1965-$eauthor.
=245  13$aLa tercera invasión de la juventud :$bdinámicas de la politización juvenil en tiempos de la reconstrucción del Estado-Nación (Argentina, 2002-2015) /$cMiriam E. Kriger.
=250  \\$a1a edición.
=264  \1$aC.A.B.A. :$bGEU Grupo Editor Universitario,$c2016.
=300  \\$a79 pages ;$c21 cm.
=336  \\$atext$2rdacontent
=337  \\$aunmediated$2rdamedia
=338  \\$avolume$2rdacarrier
=490  0\$aColección Las juventudes argentinas hoy
=500  \\$aPublished in Buenos Aires.
=504  \\$aIncludes bibliographical references (pages 75-79).
=650  \0$aYouth$xPolitical activity$zArgentina.
=651  \0$aArgentina$xPolitics and government$y2002-
=852  41$aBritish Library$bHMNTS$jYF.2018.a.6521
=856  41$uhttp://core.cambeiro.com.ar/0-178444-8.pdf
=CAT  \\$a6503$b40$c20180105$lBLL01$h1042
=CAT  \\$aBATCH-UPD$b40$c20180105$lBLL01$h1042
=CAT  \\$a10904$b40$c20180416$lBLL01$h0917
=FIN  \\$aY$d20180416
=FMT  \\$a  BK
=LAS  \\$a10904$b40$c20180416$lBLL01$h0917
=SRC  \\$aBLL02

