=LDR  01303 am a2200397 i 4500
=001  018670834
=003  Uk
=005  20180613091109.0
=008  170223s2016\\\\ag\a\\\\\b\\\\001\0\spa\d
=010  \\$a  2017371127
=020  \\$a9789876296908
=035  \\$a(AR-BaFGC)0-165582/11
=035  \\$a(OCoLC) 973411850
=040  \\$aAR-BaFGC$beng$cAR-BaFGC$dDLC$dUk$erda
=042  \\$aukblderived
=043  \\$as-ag---
=050  00$aF2849.33.K57$bW35 2016
=100  10$aWainfeld, Mario,$eauthor.
=245  10$aKirchner :$bel tipo que supo /$cMario Wainfeld.
=264  \1$aBuenos Aires, Argentina :$bSiglo Veintiuno Editores,$c[2016]
=300  \\$a240 pages :$billustrations ;$c21 cm
=336  \\$atext$2rdacontent
=337  \\$aunmediated$2rdamedia
=338  \\$avolume$2rdacarrier
=504  \\$aIncludes bibliographical references and index.
=600  10$aKirchner, Néstor.
=651  \0$aArgentina$xPolitics and government$y2002-
=852  41$aBritish Library$bHMNTS$jYF.2018.a.9902
=856  41$uhttp://core.cambeiro.com.ar/0-165582-11.pdf
=CAT  \\$a6503$b40$c20180105$lBLL01$h1047
=CAT  \\$aBATCH-UPD$b40$c20180105$lBLL01$h1048
=CAT  \\$a11002$b40$c20180613$lBLL01$h0911
=FIN  \\$aY$d20180613
=FMT  \\$a  BK
=LAS  \\$a11002$b40$c20180613$lBLL01$h0911
=SRC  \\$aBLL02

