=LDR  01485cam a2200433 i 4500
=001  018670839
=003  Uk
=005  20180309110443.0
=008  170523e201612\\ag\af\\\\b\\\\000\0\spa\d
=010  \\$a  2017371197
=020  \\$a9789502326559
=035  \\$a(AR-BaFGC)0-131862/3
=035  \\$a(OCoLC) 987976208
=040  \\$aAR-BaFGC$beng$cAR-BaFGC$dDLC$dUk$erda
=042  \\$aukblderived
=043  \\$as-ag---
=050  00$aQC903.2.A7$bB37 2016
=100  10$aBarros, Vicente R.,$eauthor.
=245  13$aLa Argentina y el cambio climático :$bde la física a la política /$cVicente Barros, Inés Camilloni.
=250  \\$aPrimera edición.
=264  \1$aCiudad de Buenos Aires :$bEUDEBA,$cdiciembre de 2016.
=300  \\$a285 pages, 8 unnumbered pages of plates :$billustrations ;$c24 cm.
=336  \\$atext$2rdacontent
=337  \\$aunmediated$2rdamedia
=338  \\$avolume$2rdacarrier
=490  0\$aCiencia activa
=500  \\$a"Glosario": pages 283-285.
=504  \\$aIncludes bibliographical references.
=650  \0$aClimatic changes$zArgentina.
=700  1\$aCamilloni, Inés,$eauthor.
=852  41$aBritish Library$bHMNTS$jYF.2018.a.4214
=856  41$uhttp://core.cambeiro.com.ar/0-131862-3.pdf
=CAT  \\$a6503$b40$c20180105$lBLL01$h1049
=CAT  \\$a10904$b40$c20180309$lBLL01$h1104
=CAT  \\$aW2308-1659$c20230923$lBLL01$h0954
=FIN  \\$aY$d20180309
=FMT  \\$a  BK
=LAS  \\$aW2308-1659$b00$c20230923$lBLL01$h0954
=SID  \\$aZ39$bLOC

