=LDR  01397 am a2200397 i 4500
=001  018670858
=003  Uk
=005  20180612114047.0
=008  161024s2016\\\\ag\\\\\\\b\\\\000\0\spa\d
=010  \\$a  2016366688
=020  \\$a9789876296656
=035  \\$a(AR-BaFGC)0-150255/5
=040  \\$aAR-BaFGC$beng$cAR-BaFGC$dDLC$dUk$erda
=042  \\$aukblderived
=043  \\$as-ag---
=050  00$aLC4944.A7$bG47 2016
=100  1\$aGessaghi, Victoria,$eauthor.
=245  13$aLa educación de la clase alta argentina :$bentre la herencia y el mérito /$cVictoria Gessaghi.
=264  \1$aBuenos Aires, Argentina :$bSiglo Veintiuno Editores,$c[2016]
=300  \\$a270 pages ;$c21 cm.
=336  \\$atext$2rdacontent
=337  \\$aunmediated$2rdamedia
=338  \\$avolume$2rdacarrier
=490  0\$aSociología y Política. Serie Educación y sociedad
=504  \\$aIncludes bibliographical references (pages 261-270).
=650  \0$aElite (Social sciences)$xEducation$zArgentina.
=650  \0$aUpper class$xEducation$zArgentina.
=650  \0$aEducational sociology$zArgentina.
=852  41$aBritish Library$bHMNTS$jYF.2018.a.9894
=856  41$uhttp://core.cambeiro.com.ar/0-150255-5.pdf
=CAT  \\$a6503$b40$c20180105$lBLL01$h1057
=CAT  \\$a11002$b40$c20180612$lBLL01$h1140
=FIN  \\$aY$d20180612
=FMT  \\$a  BK
=LAS  \\$a11002$b40$c20180612$lBLL01$h1140
=SRC  \\$aBLL02

