=LDR  01542 am a2200433 i 4500
=001  018670869
=003  Uk
=005  20180302084342.0
=008  170505s2016\\\\ag\\\\\\\\\\\\000\0aspa\d
=010  \\$a  2017371546
=020  \\$a9789871895359
=035  \\$a(AR-BaFGC)0-185733/0
=035  \\$a(OCoLC) 987736899
=040  \\$aAR-BaFGC$beng$cAR-BaFGC$dDLC$dUk$erda
=042  \\$aukblderived
=043  \\$as-ag---
=050  00$aF2849.22.A895$bA3 2016
=100  1\$aAsuaje, Jorge P.$q(Jorge Pastor),$eauthor.
=245  10$aPor algo habrá sido :$bel fútbol, el amor y la guerra : (el libro del Gardy) /$cJorge Pastor Asuaje.
=250  \\$a2a Edición.
=264  \1$aBuenos Aires, Argentina :$bNuestra América,$c2016.
=300  \\$a626 pages ;$c23 cm
=336  \\$atext$2rdacontent
=337  \\$aunmediated$2rdamedia
=338  \\$avolume$2rdacarrier
=500  \\$aPreviously published: Buenos Aires : Nuesta América, 2004.
=600  10$aAsuaje, Jorge P.$q(Jorge Pastor)
=650  \0$aPeronism$xHistory$y20th century.
=650  \0$aRevolutionaries$zArgentina$vBiography.
=651  \0$aArgentina$xHistory$yDirty War, 1976-1983$vPersonal narratives.
=651  \0$aArgentina$xPolitics and government$y1955-1983.
=852  41$aBritish Library$bHMNTS$jYF.2018.a.3817
=856  41$uhttp://core.cambeiro.com.ar/0-185733-0.pdf
=CAT  \\$a6503$b40$c20180105$lBLL01$h1103
=CAT  \\$a11002$b40$c20180302$lBLL01$h0843
=FIN  \\$aY$d20180302
=FMT  \\$a  BK
=LAS  \\$a11002$b40$c20180302$lBLL01$h0843
=SRC  \\$aBLL02

