=LDR  01376 am a2200409 i 4500
=001  018670873
=003  Uk
=005  20180310085424.0
=008  170801e201701\\ag\\\\\\\b\\\\000\0\spa\d
=010  \\$a  2017371942
=020  \\$a9789502327044
=035  \\$a(AR-BaFGC)0-6013/40
=035  \\$a(OCoLC) 999439832
=040  \\$aAR-BaFGC$beng$cAR-BaFGC$dDLC$dUk$erda
=042  \\$aukblderived
=043  \\$as-ag---$ae------
=050  00$aJV7443$b.C53 2017
=100  1\$aCiapuscio, Héctor,$eauthor.
=245  14$aLos gobiernos liberales y el inmigrante europeo :$b(1853-1930) /$cHéctor Ciapuscio.
=250  \\$a1a edición.
=264  \1$aCiudad de Buenos Aires :$bEUDEBA,$cenero de 2017.
=300  \\$a262 pages ;$c23 cm.
=336  \\$atext$2rdacontent
=337  \\$aunmediated$2rdamedia
=338  \\$avolume$2rdacarrier
=490  0\$aLectores
=504  \\$aIncludes bibliographical references (pages 255-262).
=651  \0$aArgentina$xEmigration and immigration$xGovernment policy$xHistory.
=651  \0$aEurope$xEmigration and immigration$xHistory.
=852  41$aBritish Library$bHMNTS$jYF.2018.a.4207
=856  41$uhttp://core.cambeiro.com.ar/0-6013-40.pdf
=CAT  \\$a6503$b40$c20180105$lBLL01$h1106
=CAT  \\$a10904$b40$c20180310$lBLL01$h0854
=FIN  \\$aY$d20180310
=FMT  \\$a  BK
=LAS  \\$a10904$b40$c20180310$lBLL01$h0854
=SRC  \\$aBLL02

