=LDR  02928 am a2200469 i 4500
=001  018670891
=003  Uk
=005  20180416082700.0
=008  170405s2017\\\\ag\\\\\\\b\\\\000\0\spa\d
=010  \\$a  2017371067
=020  \\$a9789507932489
=035  \\$a(AR-BaFGC)0-91679/95
=035  \\$a(OCoLC) 983211419
=040  \\$aAR-BaFGC$beng$cAR-BaFGC$dDLC$dUk$erda
=042  \\$aukblderived
=043  \\$as-ag---
=050  00$aJL2099.R564$bR47 2017
=245  00$aRepresentaciones de la política :$bprovincias, territorios y municipios (1860-1955) /$cMarta Bonaudo, coordinadora.
=264  \1$a[Argentina] :$bEdiciones Imago Mundi,$c[2017]
=300  \\$aXI, 211 pages ;$c22 cm.
=336  \\$atext$2rdacontent
=337  \\$aunmediated$2rdamedia
=338  \\$avolume$2rdacarrier
=490  0\$aColección Bitácora argentina
=504  \\$aIncludes bibliographical references (pages 199-211).
=505  0\$aLas constituciones tucumanas en la segunda mitad del siglo XIX / María Celia Bravo y Diana Ferullo -- ¿Recrear al elector? : las reformas notabiliares santafesinas de 1890 y 1900 ante la crisis de representación / Marta Bonaudo -- Reformas constitucionales y legitimidad politica : del reformismo liberal a la centralización peronista (Santa Fe, 1921-1949) / Diego Mauro -- La representación política entre las instituciones y las prácticas : los territorios nacionales de Río Negro y Neuquén (1884-1943) / Lisandro Gallucci -- La producción del municipio : construcción, reforma y disputas en el gobierno de la ciudad de Rosario (1872-1935) / Diego Roldán -- La problemática formación de lo comunal en los territorios nacionales : el desenvolvimiento del municipio en Río Negro y Neuquén (1884-1943) / Lisandro Gallucci.
=650  \0$aRepresentative government and representation$zArgentina$zRío Negro$xHistory$y19th century.
=650  \0$aRepresentative government and representation$zArgentina$zRío Negro$xHistory$y20th century.
=650  \0$aRepresentative government and representation$zArgentina$zNeuquén (Province)$xHistory$y19th century.
=650  \0$aRepresentative government and representation$zArgentina$zNeuquén (Province)$xHistory$y20th century.
=650  \0$aRepresentative government and representation$zArgentina$zSanta Fe (Province)$xHistory$y19th century.
=650  \0$aRepresentative government and representation$zArgentina$zSanta Fe (Province)$xHistory$y20th century.
=700  1\$aBonaudo, Marta,$eeditor.
=700  12$iContainer of (work):$aBravo, María Celia.$tConstituciones tucumanas en la segunda mitad del siglo XIX.
=852  41$aBritish Library$bHMNTS$jYF.2018.a.6652
=856  41$uhttp://core.cambeiro.com.ar/0-91679-95.pdf
=CAT  \\$a6503$b40$c20180105$lBLL01$h1121
=CAT  \\$a10904$b40$c20180416$lBLL01$h0827
=FIN  \\$aY$d20180416
=FMT  \\$a  BK
=LAS  \\$a10904$b40$c20180416$lBLL01$h0827
=SRC  \\$aBLL02

