=LDR  01480 am a2200421 i 4500
=001  018670893
=003  Uk
=005  20180310085108.0
=008  170623e201703\\ag\a\\\\\b\\\\001\0\spa\d
=010  \\$a  2017371543
=020  \\$a9789876937092
=035  \\$a(AR-BaFGC)0-188072/1
=035  \\$a(OCoLC) 991976539
=040  \\$aAR-BaFGC$beng$cAR-BaFGC$dDLC$dUk$erda
=042  \\$aukblderived
=043  \\$as-ag---
=050  00$aPN1995.9.D6$bC332 2017
=100  1\$aCampo, Javier,$eauthor.
=245  10$aRevolución y democracia :$bel cine documental argentino del exilio (1976-1984) /$cJavier Campo.
=250  \\$aPrimera edición.
=264  \1$aCiudad Autónoma de Buenos Aires :$bEdiciones CICCUS,$cMarzo de 2017.
=300  \\$a205 pages :$billustrations ;$c23 cm.
=336  \\$atext$2rdacontent
=337  \\$aunmediated$2rdamedia
=338  \\$avolume$2rdacarrier
=490  0\$aCine documental
=500  \\$aFichas técnicas: pages 183-194.
=504  \\$aIncludes bibliographical references (pages 167-181) and index.
=650  \0$aDocumentary films$zArgentina$xHistory and criticism.
=650  \0$aDocumentary films$xPolitical aspects$zArgentina.
=852  41$aBritish Library$bHMNTS$jYF.2018.a.4224
=856  41$uhttp://core.cambeiro.com.ar/0-188072-1.pdf
=CAT  \\$a6503$b40$c20180105$lBLL01$h1122
=CAT  \\$a10904$b40$c20180310$lBLL01$h0851
=FIN  \\$aY$d20180310
=FMT  \\$a  BK
=LAS  \\$a10904$b40$c20180310$lBLL01$h0851
=SRC  \\$aBLL02

