=LDR  01362cam a2200409 i 4500
=001  018670896
=003  Uk
=005  20180310091338.0
=008  160610s2016\\\\ag\\\\\\\b\\\\000\0bspa\d
=010  \\$a  2016365827
=020  \\$a9789876283991
=035  \\$a(AR-BaFGC)0-164471/9
=040  \\$aAR-BaFGC$beng$cAR-BaFGC$dDLC$dUk$erda
=042  \\$aukblderived
=043  \\$as-ag---
=050  00$aF2845.M845$bG65 2016
=100  1\$aGoldman, Noemí,$eauthor.
=245  10$aMariano Moreno :$bde reformista a insurgente /$cNoemí Goldman.
=264  \1$aBuenos Aires :$bEdhasa,$c[2016]
=300  \\$a280 pages ;$c23 cm.
=336  \\$atext$2rdacontent
=337  \\$aunmediated$2rdamedia
=338  \\$avolume$2rdacarrier
=490  0\$aBiografías argentinas
=504  \\$aIncludes bibliographical references (pages 257-277).
=600  10$aMoreno, Mariano,$d1778-1811.
=650  \0$aRevolutionaries$zArgentina$vBiography.
=651  \0$aArgentina$xHistory$yWar of Independence, 1810-1817.
=852  41$aBritish Library$bHMNTS$jYF.2018.a.4209
=856  41$uhttp://core.cambeiro.com.ar/0-164471-9.pdf
=CAT  \\$a6503$b40$c20180105$lBLL01$h1125
=CAT  \\$a10904$b40$c20180310$lBLL01$h0913
=CAT  \\$aBATCH-UPD$b40$c20220916$lBLL01$h2127
=FIN  \\$aY$d20180310
=FMT  \\$a  BK
=LAS  \\$aBATCH-UPD$b40$c20220916$lBLL01$h2127
=SRC  \\$aBLL02

