=LDR  01361 am a2200409 i 4500
=001  018670901
=003  Uk
=005  20180310103521.0
=008  161013s2016\\\\ag\a\\\\\b\\\\000\0bspa\d
=010  \\$a  2016366706
=020  \\$a9789876284202
=035  \\$a(AR-BaFGC)0-164471/10
=040  \\$aAR-BaFGC$beng$cAR-BaFGC$dDLC$dUk$erda
=042  \\$aukblderived
=043  \\$as-ag---
=050  00$aF2848.A55$bL67 2016
=100  1\$aLosada, Leandro,$eauthor.
=245  10$aMarcelo T. de Alvear /$cLeandro Losada.
=264  \1$aBuenos Aires :$bEdhasa,$c[2016]
=300  \\$a349 pages :$billustrations ;$c23 cm.
=336  \\$atext$2rdacontent
=337  \\$aunmediated$2rdamedia
=338  \\$avolume$2rdacarrier
=490  0\$aBiografías argentinas
=504  \\$aIncludes bibliographical references (pages 339-349).
=600  10$aAlvear, Marcelo Torcuato de,$d1868-1942.
=650  \0$aRadicalism$zArgentina$xHistory$y20th century.
=650  \0$aPresidents$zArgentina$vBiography.
=651  \0$aArgentina$xPolitics and government$y1910-1943.
=852  41$aBritish Library$bHMNTS$jYF.2018.a.4212
=856  41$uhttp://core.cambeiro.com.ar/0-164471-10.pdf
=CAT  \\$a6503$b40$c20180105$lBLL01$h1126
=CAT  \\$a10904$b40$c20180310$lBLL01$h1035
=FIN  \\$aY$d20180310
=FMT  \\$a  BK
=LAS  \\$a10904$b40$c20180310$lBLL01$h1035
=SRC  \\$aBLL02

