=LDR  02284 am a2200493 i 4500
=001  018670903
=003  Uk
=005  20180302121035.0
=008  170309e201608\\ag\a\\\\\b\\\f001\0\spa\d
=010  \\$a  2017371045
=020  \\$a9789502325811
=035  \\$a(AR-BaFGC)0-79812/13
=035  \\$a(OCoLC) 982302662
=040  \\$aAR-BaFGC$beng$cAR-BaFGC$dDLC$dUk$erda
=042  \\$aukblderived
=043  \\$as-ag---$as-cl---
=050  00$aF2821.3.E84$bR68 2016
=100  10$aRoulet, Florencia,$eauthor.
=245  10$aHuincas en tierra de indios :$bmediaciones e identidades en los relatos de viajeros tardocoloniales /$cFlorencia Roulet.
=250  \\$a1o edición.
=264  \1$aCiudad de Buenos Aires :$bEudeba,$cagosto de 2016.
=300  \\$a438 pages :$billustrations ;$c23 cm.
=336  \\$atext$2rdacontent
=337  \\$aunmediated$2rdamedia
=338  \\$avolume$2rdacarrier
=490  0\$aTemas. Historia
=500  \\$aOriginally presented as the author's thesis (doctoral)--Universidad de Buenos Aires, 2013.
=500  \\$a"Diario del viaje de Justo Molina de Chillán a Buenos Aires y de esta a Concepción, entre abril de 1804 y junio de 1805": pages 385-410.
=500  \\$a"Acta del Parlamento con caciques pehuenches y puelches de Mendoza celebrado el 1o de abril de 1805 en la confluencia de los ríos Diamante y Atuel": pages 411-416.
=500  \\$a"Informe de Miguel Teles Meneses al gobernador intendente de la provincia de Córdoba sobre caminos de Mendoza a Talca": pages 417-422.
=504  \\$aIncludes bibliographical references (pages 361-383) and index.
=650  \0$aIndians of South America$zArgentina$zPampas$xEthnic identity.
=650  \0$aIndians of South America$zPatagonia (Argentina and Chile)$xEthnic identity.
=650  \0$aFrontier and pioneer life$zArgentina$zPampas.
=650  \0$aFrontier and pioneer life$zPatagonia (Argentina and Chile)
=651  \0$aRío de la Plata (Viceroyalty)$xHistory$y19th century.
=852  41$aBritish Library$bHMNTS$jYF.2018.a.3816
=856  41$uhttp://core.cambeiro.com.ar/0-79812-13.pdf
=CAT  \\$a6503$b40$c20180105$lBLL01$h1128
=CAT  \\$a11002$b40$c20180302$lBLL01$h1210
=FIN  \\$aY$d20180302
=FMT  \\$a  BK
=LAS  \\$a11002$b40$c20180302$lBLL01$h1210
=SRC  \\$aBLL02

