=LDR  01558cam a2200421 i 4500
=001  018670905
=003  Uk
=005  20180912074710.0
=008  170718s2017\\\\ag\a\\\\\\\\\\000\0\spa\d
=010  \\$a  2017372006
=020  \\$a9789873957161
=035  \\$a(AR-BaFGC)0-188267/0
=035  \\$a(OCoLC) 994542191
=040  \\$aAR-BaFGC$beng$cAR-BaFGC$dDLC$dUk$erda
=042  \\$aukblderived
=043  \\$as-ag---
=050  00$aHV6322.3.A7$bS66 2017
=100  1\$aSoriani, Hugo,$d1953-$eauthor.
=240  00$aArticles.$kSelections
=245  14$aLos días eran así :$bla cárcel, la política, el periodismo, el fútbol y el rock contados desde la última página /$cHugo Soriani.
=264  \1$aBuenos Aires, Argentina :$bOctubre Editorial,$c[2017]
=300  \\$a298 pages :$billustrations ;$c23 cm
=336  \\$atext$2rdacontent
=337  \\$aunmediated$2rdamedia
=338  \\$avolume$2rdacarrier
=650  \0$aDisappeared persons$zArgentina$xHistory$y20th century.
=650  \0$aPolitical prisoners$zArgentina$xHistory$y20th century.
=651  \0$aArgentina$xPolitics and government$y1955-
=651  \0$aBuenos Aires (Argentina)$xSocial life and customs$y20th century.
=852  41$aBritish Library$bHMNTS$jYF.2018.a.16093
=856  41$uhttp://core.cambeiro.com.ar/0-188267-0.pdf
=CAT  \\$a6503$b40$c20180105$lBLL01$h1129
=CAT  \\$a10904$b40$c20180912$lBLL01$h0747
=CAT  \\$aW2308-1659$c20230923$lBLL01$h0954
=FIN  \\$aY$d20180912
=FMT  \\$a  BK
=LAS  \\$aW2308-1659$b00$c20230923$lBLL01$h0954
=SRC  \\$aBLL02

