=LDR  01579 am a2200421 i 4500
=001  018670909
=003  Uk
=005  20180319073410.0
=008  170224s2016\\\\ag\af\\\\b\\\\000\0\spa\d
=010  \\$a  2017371002
=020  \\$a9789876915045
=035  \\$a(AR-BaFGC)0-168230/10
=035  \\$a(OCoLC) 982130256
=040  \\$aAR-BaFGC$beng$cAR-BaFGC$dDLC$dUk$erda
=042  \\$aukblderived
=043  \\$as-ag---
=050  00$aHV9583$b.D36 2016
=100  1\$aD'Antonio, Débora C.,$eauthor.
=245  13$aLa prisión en los años 70 :$bhistoria, género y política /$cDébora C. D'Antonio ; prólogo: Patricia Funes.
=264  \1$aBuenos Aires :$bEditorial Biblos,$c[2016]
=300  \\$a302 pages, 12 unnumbered pages of plates :$billustrations ;$c23 cm.
=336  \\$atext$2rdacontent
=337  \\$aunmediated$2rdamedia
=338  \\$avolume$2rdacarrier
=490  0\$aColección Ciudadanía e inclusión
=500  \\$aBased on the author's thesis (doctoral)--Universidad de Buenos Aires, 2011.
=504  \\$aIncludes bibliographical references (pages 277-302).
=650  \0$aPrisons$zArgentina$xHistory$y20th century$vCase studies.
=650  \0$aPolitical prisoners$zArgentina.
=651  \0$aArgentina$xPolitics and government$y1955-1983.
=852  41$aBritish Library$bHMNTS$jYF.2018.a.4752
=856  41$uhttp://core.cambeiro.com.ar/0-168230-10.pdf
=CAT  \\$a6503$b40$c20180105$lBLL01$h1130
=CAT  \\$a11131$b40$c20180319$lBLL01$h0734
=FIN  \\$aY$d20180319
=FMT  \\$a  BK
=LAS  \\$a11131$b40$c20180319$lBLL01$h0734
=SRC  \\$aBLL02

