=LDR  02255 am a2200517 i 4500
=001  018670910
=003  Uk
=005  20180912095805.0
=008  170511e201703\\ag\a\\\\\b\\\f000\0\spa\d
=010  \\$a  2017371358
=020  \\$a9789876881951
=035  \\$a(AR-BaFGC)0-187481/1
=035  \\$a(OCoLC) 987624844
=040  \\$aAR-BaFGC$beng$cAR-BaFGC$dDLC$dUk$erda
=042  \\$aukblderived
=043  \\$as-ag---
=050  00$aLE21.R56$bF47 2017
=100  1\$aFernández del Moral, Lilián,$eauthor.
=245  10$aApuntes sobre totalitarismo y cultura /$cLilián Fernández del Moral.
=250  \\$aPrimera edición.
=264  \1$aRío Cuarto, Córdoba, Argentina :$bUniRío Editora, Universidad Nacional de Río Cuarto,$cmarzo de 2017.
=300  \\$a224 pages :$billustrations ;$c25 cm.
=336  \\$atext$2rdacontent
=337  \\$aunmediated$2rdamedia
=338  \\$avolume$2rdacarrier
=490  0\$a45/50 años
=500  \\$a"El tablero": pages 135-136.
=500  \\$a"Antecedentes de las relaciones de EE.UU. con Latinoamérica": pages 137-140.
=500  \\$a"Presidentes de facto y ministros de educación y cultura con la característica central de su gestión": pages 140-141.
=500  \\$a"Normativa especialmente significativa": pages 141-157.
=500  \\$a"Selección de textos de la obra 'Memoria debida' del capitán (re) José Luis Dándrea Mohr": pages 157-165.
=500  \\$a"Apéndice documental": pages 171-224.
=504  \\$aIncludes bibliographical references (pages 167-170).
=610  20$aUniversidad Nacional de Río Cuarto$xHistory$y20th century.
=650  \0$aPolitical persecution$zArgentina$xHistory$y20th century.
=650  \0$aState-sponsored terrorism$zArgentina$xHistory$y20th century.
=700  1\$iExpanded version of (expression):$aFernández del Moral, Lilián.$tApuntes sobre totalitarismo y cultura.$f2006.
=852  41$aBritish Library$bHMNTS$jYF.2018.a.16109
=856  41$uhttp://core.cambeiro.com.ar/0-187481-1.pdf
=CAT  \\$a6503$b40$c20180105$lBLL01$h1133
=CAT  \\$a10904$b40$c20180911$lBLL01$h1408
=CAT  \\$a5100$b40$c20180912$lBLL01$h0958
=FIN  \\$aY$d20180911
=FMT  \\$a  BK
=LAS  \\$a5100$b40$c20180912$lBLL01$h0958
=SRC  \\$aBLL02

