=LDR  01671cam a2200445 i 4500
=001  018670917
=003  Uk
=005  20180621084408.0
=008  180109s2017\\\\ag\a\\\\\b\\\\000\0dspa\d
=010  \\$a  2017372232
=020  \\$a9789500757553
=035  \\$a(AR-BaFGC)0-109555/132
=035  \\$a(OCoLC) 993038717
=040  \\$aAR-BaFGC$beng$cAR-BaFGC$dDLC$dUk$erda
=042  \\$aukblderived
=043  \\$as-ag---
=050  00$aHN270.Z9$bV537 2017
=100  1\$aLarraquy, Marcelo,$d1965-$eauthor.
=240  10$aMarcados a fuego
=245  10$aArgentina, un siglo de violencia política :$b1890-1990, de Roca a Menem : la historia de un país /$cMarcelo Larraquy.
=264  \1$aBuenos Aires :$bSudamericana,$c[2017]
=300  \\$a716 pages :$billustrations ;$c23 cm
=336  \\$atext$2rdacontent
=337  \\$aunmediated$2rdamedia
=338  \\$avolume$2rdacarrier
=500  \\$a"Versión definitiva y ampliada de la trilogía Marcados a fuego"--Page 4 of cover.
=504  \\$aIncludes bibliographical references.
=650  \0$aPolitical violence$zArgentina$xHistory$y20th century.
=650  \0$aPolitical violence$zArgentina$xHistory$y19th century.
=651  \0$aArgentina$xPolitics and government$y20th century.
=651  \0$aArgentina$xPolitics and government$y19th century.
=852  41$aBritish Library$bHMNTS$jYF.2018.a.10446
=856  41$uhttp://core.cambeiro.com.ar/0-109555-132.pdf
=CAT  \\$a6503$b40$c20180105$lBLL01$h1135
=CAT  \\$a10904$b40$c20180621$lBLL01$h0844
=CAT  \\$aW2308-1659$c20230923$lBLL01$h0954
=FIN  \\$aY$d20180621
=FMT  \\$a  BK
=LAS  \\$aW2308-1659$b00$c20230923$lBLL01$h0954
=SID  \\$aZ39$bLOC

