=LDR  01361 am a2200397 i 4500
=001  018670926
=003  Uk
=005  20180310103840.0
=008  170418s2017\\\\ag\\\\\\\b\\\\000\0\spa\d
=010  \\$a  2017371177
=020  \\$a9789873937064
=035  \\$a(AR-BaFGC)0-186902/0
=040  \\$aAR-BaFGC$beng$cAR-BaFGC$dDLC$dUk$erda
=042  \\$aukblderived
=043  \\$as-ag---
=050  00$aPN1993.5.A7$bL83 2017
=100  1\$aDe Lucía, Daniel Omar.
=245  10$aEntre cabezas y trash :$bcine y clases subalternas en la Argentina (1990-2016) /$cDaniel Omar De Lucía.
=264  \1$aBuenos Aires, Argentina :$bEditorial Metrópolis,$c[2017]
=300  \\$a125 pages ;$c23 cm
=336  \\$atext$2rdacontent
=337  \\$aunmediated$2rdamedia
=338  \\$avolume$2rdacarrier
=500  \\$aIncludes filmography.
=504  \\$aIncludes bibliographical references (pages 123-125).
=650  \0$aMotion pictures$zArgentina$xHistory.
=650  \0$aMarginality, Social, in motion pictures.
=650  \0$aWorking class in motion pictures.
=852  41$aBritish Library$bHMNTS$jYF.2018.a.4220
=856  41$uhttp://core.cambeiro.com.ar/0-186902-0.pdf
=CAT  \\$a6503$b40$c20180105$lBLL01$h1142
=CAT  \\$a10904$b40$c20180310$lBLL01$h1038
=FIN  \\$aY$d20180310
=FMT  \\$a  BK
=LAS  \\$a10904$b40$c20180310$lBLL01$h1038
=SRC  \\$aBLL02

