=LDR  01208 am a2200385 i 4500
=001  018670937
=003  Uk
=005  20180612132242.0
=008  170419s2016\\\\ag\\\\\\\\\\\\000\0\spa\d
=010  \\$a  2017371150
=020  \\$a9789875593213
=035  \\$a(AR-BaFGC)0-158809/9
=040  \\$aAR-BaFGC$beng$cAR-BaFGC$dDLC$dUk$erda
=042  \\$aukblderived
=043  \\$as-ag---
=050  00$aPN1031$b.O88 2016
=100  1\$aOteriño, Rafael Felipe,$eauthor.
=240  10$aEssays.$kSelections
=245  14$aUna conversación infinita /$cRafael Felipe Oteriño.
=264  \1$aBuenos Aires :$bEdiciones del Dock,$c[2016]
=300  \\$a239 pages ;$c20 cm.
=336  \\$atext$2rdacontent
=337  \\$aunmediated$2rdamedia
=338  \\$avolume$2rdacarrier
=490  0\$aColección Época ;$v9
=650  \0$aPoetry.
=650  \0$aArgentine poetry$y20th century$xHistory and criticism.
=852  41$aBritish Library$bHMNTS$jYF.2018.a.9891
=856  41$uhttp://core.cambeiro.com.ar/0-158809-9.pdf
=CAT  \\$a6503$b40$c20180105$lBLL01$h1146
=CAT  \\$a11002$b40$c20180612$lBLL01$h1322
=FIN  \\$aY$d20180612
=FMT  \\$a  BK
=LAS  \\$a11002$b40$c20180612$lBLL01$h1322
=SRC  \\$aBLL02

