=LDR  02329cam a2200469 i 4500
=001  018670985
=003  Uk
=005  20221003143421.0
=008  171117s2016\\\\ag\\\\\\\b\\\|0|0\0|spa\d
=010  \\$a  2017372259
=020  \\$a9789873984341$qpaperback
=020  \\$a9873984348$qpaperback
=035  \\$a(OCoLC)1012317205
=035  \\$a(AR-BaFGC)0-186633/0
=035  \\$a(OCoLC) 1012317205
=040  \\$aAR-BaFGC$beng$cAR-BaFGC$dDLC$dUk$erda$erda
=042  \\$aukblsr
=043  \\$as-ag---
=050  00$aHV700.A7$bD47 2016
=245  03$aEl derecho a un ingreso :$btexto y contexto de la Asignación Universal por Hijo en Argentina /$ccompiladores: Laura Garcés, Marcelo Lucero ; autores: Laura Garcés, Marcelo Lucero, Nora Aquín, Ana Arias, José Luis Rey Perez.
=264  \1$a[San Juan, Argentina] :$bEditorial UNSJ,$c[2016]
=300  \\$a115 pages ;$c23 cm
=336  \\$atext$2rdacontent
=337  \\$aunmediated$2rdamedia
=338  \\$avolume$2rdacarrier
=504  \\$aIncludes bibliographical references (page 111).
=505  0\$aLa garantía de ingresos como derecho subjetivo / José Luis Rey Pérez -- Entre el trabajo y los ingresos : los nudos de la Asignación Universal por Hijo / Marcelo Lucero -- Políticas sociales en la postconvertibilidad : texto y contexto de la Asignación Universal por Hijo para protección social / Nora Aquín -- Los sentidos de la regulación social : control y protección : las condicionalidades de la Asignación Universal por Hijo / Laura Garcés -- Transformaciones institucionales y trabajo social : apuntes dispersos para revisar la lectura de lo institucional / Ana Arias.
=650  \0$aAid to families with dependent children programs$zArgentina.
=651  \0$aArgentina$xSocial policy.
=700  1\$aGarcés, Laura Eugenia,$eeditor.
=700  1\$aLucero, Marcelo$c(Professor of social work),$eeditor.
=852  41$aBritish Library$bHMNTS$jYF.2021.a.11127
=856  41$uhttp://core.cambeiro.com.ar/0-186633-0.pdf
=CAT  \\$a6503$b40$c20180105$lBLL01$h1220
=CAT  \\$a15396$b40$c20211002$lBLL01$h0731
=CAT  \\$a7483$b40$c20211210$lBLL01$h1105
=CAT  \\$a10804$b40$c20221003$lBLL01$h1434
=FIN  \\$aY$d20211210
=FMT  \\$a  BK
=LAS  \\$a10804$b40$c20221003$lBLL01$h1434
=SID  \\$aZ39$bOCLC
=SRC  \\$aBLL02

