=LDR  01485 am a2200421 i 4500
=001  018670991
=003  Uk
=005  20190628083645.0
=008  180125s2017\\\\ag\\\\\\\\\\\\000\0\spa\d
=010  \\$a2017372266  
=020  \\$a9789500758437
=020  \\$a9500758431
=035  \\$a(OCoLC)1021261363
=040  \\$aAR-BaFGC$beng$cDLC$dCUY$dOCLCF$dARFGC$erda
=042  \\$aukblderived
=043  \\$as-ag---
=050  00$aHC175$b.M6487 2017
=100  10$aMoreno, Guillermo,$eauthor.
=245  10$aEn defensa del modelo /$cGuillermo Moreno ; con la colaboración de Liliana Noemí Cascales, M. Silvina Guzmán Suárez y Oscar Carreras.
=264  \1$aBuenos Aires :$bSudamericana,$c[2017]
=300  \\$a287 pages ;$c23 cm
=336  \\$atext$2rdacontent
=337  \\$aunmediated$2rdamedia
=338  \\$avolume$2rdacarrier
=648  \7$aSince 2002$2fast
=650  \7$aEconomic policy.$2fast$0(OCoLC)fst00902025
=650  \7$aPolitics and government.$2fast$0(OCoLC)fst01919741
=651  \0$aArgentina$xEconomic policy.
=651  \0$aArgentina$xPolitics and government$y2002-
=651  \7$aArgentina.$2fast$0(OCoLC)fst01205614
=852  41$aBritish Library$bHMNTS$jYF.2019.a.17791
=856  41$uhttp://core.cambeiro.com.ar/0-101003-121.pdf
=CAT  \\$aBATCH-WEL$b00$c20190628$lBLL01$h0836
=CAT  \\$aBATCH-UPD$b00$c20190628$lBLL01$h0837
=FIN  \\$aY$d20190628
=FMT  \\$a  BK
=LAS  \\$aBATCH-UPD$b00$c20190628$lBLL01$h0837
=SRC  \\$aOCLC$bOCLChits1902.lex

