=LDR  01558 am a2200397 i 4500
=001  018671075
=003  Uk
=005  20180621090928.0
=008  170606s2016\\\\ag\\\\\\\b\\\f000\0\spa\d
=010  \\$a  2017371437
=020  \\$a9789873984303
=035  \\$a(AR-BaFGC)0-186164/0
=035  \\$a(OCoLC) 989713440
=040  \\$aAR-BaFGC$beng$cAR-BaFGC$dDLC$dUk$erda
=042  \\$aukblderived
=043  \\$asp-----$ae-fr---$ae-sp---
=050  00$aHF3375$b.M46 2016
=100  1\$aMendoza, Edgardo Sergio,$d1953-$eauthor.
=245  10$aFrancia y el Río de la Plata :$btráfico comercial durante la Guerra de Sucesión de España 1700-1713 /$cEdgardo Mendoza.
=264  \1$a[San Juan, Argentina] :$bEFU, Editorial Universidad Nacional de San Juan,$c[2016]
=300  \\$a115 pages ;$c20 cm
=336  \\$atext$2rdacontent
=337  \\$aunmediated$2rdamedia
=338  \\$avolume$2rdacarrier
=504  \\$aIncludes bibliographical references (pages 114-115).
=651  \0$aRio de la Plata Region (Argentina and Uruguay)$xCommerce$zFrance$xHistory$y18th century.
=651  \0$aFrance$xCommerce$zRio de la Plata Region (Argentina and Uruguay)$xHistory$y18th century.
=651  \0$aSpain$xColonies$zAmerica$xCommerce$xHistory$y18th century.
=852  41$aBritish Library$bHMNTS$jYF.2018.a.10416
=856  41$uhttp://core.cambeiro.com.ar/0-186164-0.pdf
=CAT  \\$a6503$b40$c20180105$lBLL01$h1338
=CAT  \\$a10904$b40$c20180621$lBLL01$h0909
=FIN  \\$aY$d20180621
=FMT  \\$a  BK
=LAS  \\$a10904$b40$c20180621$lBLL01$h0909
=SRC  \\$aBLL02

