=LDR  01475 am a2200397 i 4500
=001  018671079
=003  Uk
=005  20180912073304.0
=008  161013s2016\\\\ag\a\\\\\b\\\\000\0\spa\d
=010  \\$a  2016366698
=020  \\$a9789873864384
=035  \\$a(AR-BaFGC)0-184727/0
=040  \\$aAR-BaFGC$beng$cAR-BaFGC$dDLC$dUk$erda
=042  \\$aukblderived
=043  \\$as-ag---
=050  00$aRC154.55.A7$bM65 2016
=100  1\$aMolinari, Irene,$eauthor.
=245  10$aVencer el miedo :$bhistoria social de la lepra en la Argentina /$cIrene Delfina Molinari.
=264  \1$aRosario, Argentina :$bProhistoria Ediciones,$c2016.
=300  \\$a281 pages :$billustrations ;$c23 cm
=336  \\$atext$2rdacontent
=337  \\$aunmediated$2rdamedia
=338  \\$avolume$2rdacarrier
=500  \\$aBased on the author's thesis (doctoral)--Universidad Nacional del Centro de la Provincia de Buenos Aires, 2013.
=504  \\$aIncludes bibliographical references (pages 270-281).
=650  \0$aLeprosy$xSocial aspects$zArgentina.
=650  \0$aMedical policy$zArgentina$xHistory$y20th century.
=650  \0$aLeprosy$xHospitals$zArgentina$xHistory$y20th century.
=852  41$aBritish Library$bHMNTS$jYF.2018.a.16096
=856  41$uhttp://core.cambeiro.com.ar/0-184727-0.pdf
=CAT  \\$a6503$b40$c20180105$lBLL01$h1340
=CAT  \\$a10904$b40$c20180912$lBLL01$h0733
=FIN  \\$aY$d20180912
=FMT  \\$a  BK
=LAS  \\$a10904$b40$c20180912$lBLL01$h0733
=SRC  \\$aBLL02

