=LDR  01498 am a2200433 i 4500
=001  018671089
=003  Uk
=005  20180319085952.0
=008  170712s2017\\\\ag\\\\\\\b\\\\000\0\spa\d
=010  \\$a  2017371672
=020  \\$a9789873864612
=035  \\$a(AR-BaFGC)0-153321/6
=035  \\$a(OCoLC) 993643269
=040  \\$aAR-BaFGC$beng$cAR-BaFGC$dDLC$dUk$erda
=042  \\$aukblderived
=043  \\$an-mx---
=050  00$aF1256$b.A36 2017
=100  1\$aAguirre Rojas, Carlos Antonio,$eauthor.
=240  10$aEssays.$kSelections
=245  13$aLa tierna furia :$bnuevos ensayos sobre el neozapatismo mexicano /$cCarlos Antonio Aguirre Rojas.
=264  \1$aRosario :$bProhistoria Ediciones,$c2017.
=300  \\$a190 pages ;$c23 cm.
=336  \\$atext$2rdacontent
=337  \\$aunmediated$2rdamedia
=338  \\$avolume$2rdacarrier
=490  0\$aTiempo presente ;$v9
=500  \\$aPublished in Rosario, Santa Fe, Argentina.
=504  \\$aIncludes bibliographical references.
=610  20$aEjército Zapatista de Liberación Nacional (Mexico)
=650  \0$aAnti-globalization movement$zMexico$zChiapas.
=651  \0$aChiapas (Mexico)$xHistory$yPeasant Uprising, 1994-
=852  41$aBritish Library$bHMNTS$jYF.2018.a.4743
=856  41$uhttp://core.cambeiro.com.ar/0-153321-6.pdf
=CAT  \\$a6503$b40$c20180105$lBLL01$h1348
=CAT  \\$a11131$b40$c20180319$lBLL01$h0859
=FIN  \\$aY$d20180319
=FMT  \\$a  BK
=LAS  \\$a11131$b40$c20180319$lBLL01$h0859
=SRC  \\$aBLL02

