=LDR  01399 am a2200409 i 4500
=001  018671090
=003  Uk
=005  20180319090253.0
=008  170713s2017\\\\ag\a\\\\\b\\\\000\0\spa\d
=010  \\$a  2017371670
=020  \\$a9789873864636
=035  \\$a(AR-BaFGC)0-188283/0
=035  \\$a(OCoLC) 993650886
=040  \\$aAR-BaFGC$beng$cAR-BaFGC$dDLC$dUk$erda
=042  \\$aukblderived
=043  \\$as-ag---
=050  00$aF3021.A1$bA48 2017
=100  1\$aÁlvarez Leguizamón, Sonia,$eauthor.
=245  10$aFormas de racismo indio en la Argentina y configuraciones sociales de poder /$cSonia Álvarez Leguizamón.
=264  \1$aRosario, Argentina :$bProhistoria Ediciones,$c2017.
=300  \\$a369 pages :$billustrations ;$c23 cm
=336  \\$atext$2rdacontent
=337  \\$aunmediated$2rdamedia
=338  \\$avolume$2rdacarrier
=504  \\$aIncludes bibliographical references.
=650  \0$aRacism$zArgentina.
=650  \0$aIndians of South America$zArgentina$xSocial conditions.
=650  \0$aDiscrimination$zArgentina.
=651  \0$aArgentina$xRace relations.
=852  41$aBritish Library$bHMNTS$jYF.2018.a.4707
=856  41$uhttp://core.cambeiro.com.ar/0-188283-0.pdf
=CAT  \\$a6503$b40$c20180105$lBLL01$h1350
=CAT  \\$a11131$b40$c20180319$lBLL01$h0902
=FIN  \\$aY$d20180319
=FMT  \\$a  BK
=LAS  \\$a11131$b40$c20180319$lBLL01$h0902
=SRC  \\$aBLL02

