=LDR  01996 am a2200517 i 4500
=001  018671102
=003  Uk
=005  20190628083643.0
=008  171115s2017\\\\ag\\\\\\\b\\\\000\0\spa\d
=010  \\$a2017372177  
=020  \\$a9789504960225
=020  \\$a9504960227
=035  \\$a(OCoLC)1012185333
=040  \\$aAR-BaFGC$beng$cDLC$dOCLCF$dOCLCO$erda
=042  \\$aukblderived
=043  \\$as-ag---
=050  00$aHF5473.A72$bL662 2017
=100  1\$aGirón, Nacho,$d1985-$eauthor.
=245  13$aLa Salada :$bradiografía de la feria más polémica de Latinoamérica /$cNacho Girón.
=250  \\$aEdición ampliada.
=264  \1$aC.A.B.A. :$bPlaneta,$c[2017]
=300  \\$a333 pages ;$c23 cm
=336  \\$atext$2rdacontent
=337  \\$aunmediated$2rdamedia
=338  \\$avolume$2rdacarrier
=500  \\$aPublished in Buenos Aires.
=500  \\$a"Incluye la caída de los reyes."--Cover1.
=504  \\$aIncludes bibliographical references (pages 331, 333).
=610  20$aLa Salada (Buenos Aires, Argentina)
=610  27$aLa Salada (Buenos Aires, Argentina)$2fast$0(OCoLC)fst01995313
=650  \0$aFairs$zArgentina$zLomas de Zamora (Partido)$xHistory.
=650  \0$aInformal sector (Economics)$zArgentina$zLomas de Zamora (Partido)$xHistory.
=650  \0$aRetail trade$zArgentina$zLomas de Zamora (Partido)$xHistory.
=650  \7$aFairs.$2fast$0(OCoLC)fst00919892
=650  \7$aInformal sector (Economics)$2fast$0(OCoLC)fst00972518
=650  \7$aRetail trade.$2fast$0(OCoLC)fst01096067
=651  \7$aArgentina$zLomas de Zamora (Partido)$2fast$0(OCoLC)fst01340234
=655  \7$aHistory.$2fast$0(OCoLC)fst01411628
=852  41$aBritish Library$bHMNTS$jYF.2019.a.17975
=856  41$uhttp://core.cambeiro.com.ar/0-189466-0.pdf
=CAT  \\$aBATCH-WEL$b00$c20190628$lBLL01$h0836
=CAT  \\$aBATCH-UPD$b00$c20190628$lBLL01$h0836
=FIN  \\$aY$d20190628
=FMT  \\$a  BK
=LAS  \\$aBATCH-UPD$b00$c20190628$lBLL01$h0836
=SRC  \\$aOCLC$bOCLChits1902.lex

