=LDR  01584cam a2200433 i 4500
=001  018671110
=003  Uk
=005  20180416140701.0
=008  170711e201705\\ag\a\\\\\b\\\\000\0\spa\d
=010  \\$a  2017371734
=020  \\$a9789876937160
=035  \\$a(AR-BaFGC)0-187775/0
=035  \\$a(OCoLC) 993650978
=040  \\$aAR-BaFGC$beng$cAR-BaFGC$dDLC$dUk$erda
=042  \\$aukblderived
=043  \\$as-ag---$acl-----
=050  00$aG155.A7$bS34 2017
=100  1\$aSchenkel, Erica,$d1986-$eauthor.
=245  10$aPolítica turística y turismo social :$buna perspectiva latinoamericana /$cErica Schenkel.
=250  \\$aPrimera edición.
=264  \1$aCiudad de Buenos Aires, Argentina :$bCLACSO :$bEdiciones CICCUS,$cmayo 2017.
=300  \\$a285 pages :$billustrations ;$c23 cm
=336  \\$atext$2rdacontent
=337  \\$aunmediated$2rdamedia
=338  \\$avolume$2rdacarrier
=504  \\$aIncludes bibliographical references (pages 253-285).
=650  \0$aTourism$xGovernment policy$zArgentina$xHistory.
=650  \0$aTourism$xGovernment policy$zLatin America$xHistory.
=650  \0$aTourism$xSocial aspects$zArgentina$xHistory.
=650  \0$aTourism$xSocial aspects$zLatin America$xHistory.
=852  41$aBritish Library$bHMNTS$jYF.2018.a.6579
=856  41$uhttp://core.cambeiro.com.ar/0-187775-0.pdf
=CAT  \\$a6503$b40$c20180105$lBLL01$h1405
=CAT  \\$a10904$b40$c20180416$lBLL01$h1407
=CAT  \\$aW2308-1659$c20230923$lBLL01$h0954
=FIN  \\$aY$d20180416
=FMT  \\$a  BK
=LAS  \\$aW2308-1659$b00$c20230923$lBLL01$h0954
=SID  \\$aZ39$bLOC

