=LDR  01633 am a2200445 i 4500
=001  018673308
=003  Uk
=005  20180109135032.0
=008  170417s2017\\\\ag\a\\\\\b\\\\000\0dspa\d
=010  \\$a  2017371148
=020  \\$a9789500531429$qpaperback
=035  \\$a(AR-BaFGC)0-122116/63
=035  \\$a(OCoLC) 985322058
=040  \\$aAR-BaFGC$beng$cAR-BaFGC$dDLC$dUk$erda
=042  \\$aukblcatcopy
=043  \\$an-us---
=050  00$aE168.M36653$bS36 2017
=100  1\$aSchnirmajer, Ariela,$d1967-$eauthor.
=245  10$aCiudades, retazos ardientes :$bla cuestión social en las Escenas norteamericanas de José Martí /$cAriela Schnirmajer.
=264  \1$aBs. As. :$bCorregidor,$c[2017]
=300  \\$a313 pages :$billustrations ;$c20 cm.
=336  \\$atext$2rdacontent
=337  \\$aunmediated$2rdamedia
=338  \\$avolume$2rdacarrier
=490  0\$aNueva crítica hispanoamericana
=500  \\$aPublished in Buenos Aires.
=504  \\$aIncludes bibliographical references (pages 281-309).
=600  10$aMartí, José,$d1853-1895.$tEscenas norteamericanas.
=600  10$aMartí, José,$d1853-1895$xTravel$zUnited States.
=600  10$aMartí, José,$d1853-1895.
=651  \0$aUnited States$xSocial life and customs$y1865-1918.
=651  \0$aUnited States$xDescription and travel.
=651  \0$aUnited States$xCivilization$y1865-1918.
=852  41$aBritish Library$bHMNTS$jYF.2018.a.502
=856  41$uhttp://core.cambeiro.com.ar/0-122116-63.pdf
=CAT  \\$a8197$b40$c20180109$lBLL01$h1350
=FIN  \\$aY$d20180109
=FMT  \\$a  BK
=LAS  \\$a8197$b40$c20180109$lBLL01$h1350
=SRC  \\$aBLL02

