=LDR  01402cam a2200421 i 4500
=001  018692492
=003  Uk
=005  20180416133446.0
=008  170802s2017\\\\ag\\\\\\\b\\\\000\0bspa\d
=010  \\$a  2017371916
=020  \\$a9789504959403
=035  \\$a(AR-BaFGC)0-188772/0
=035  \\$a(OCoLC) 999403162
=040  \\$aAR-BaFGC$beng$cAR-BaFGC$dDLC$dUk$erda
=042  \\$aukblderived
=043  \\$as-ag---
=050  00$aF2845.M845$bP54 2017
=100  1\$aPigna, Felipe,$eauthor.
=245  13$aLa vida por la patria :$buna biografía de Mariano Moreno /$cFelipe Pigna.
=264  \1$aC.A.B.A. :$bPlaneta,$c[2017]
=300  \\$a442 pages ;$c23 cm
=336  \\$atext$2rdacontent
=337  \\$aunmediated$2rdamedia
=338  \\$avolume$2rdacarrier
=500  \\$aPublished in Buenos Aires.
=504  \\$aIncludes bibliographical references (pages 434-442).
=600  10$aMoreno, Mariano,$d1778-1811.
=650  \0$aRevolutionaries$zArgentina$vBiography.
=651  \0$aArgentina$xHistory$yWar of Independence, 1810-1817.
=852  41$aBritish Library$bHMNTS$jYF.2018.a.6533
=856  41$uhttp://core.cambeiro.com.ar/0-188772-0.pdf
=CAT  \\$a11253$b40$c20180123$lBLL01$h1433
=CAT  \\$a10904$b40$c20180416$lBLL01$h1334
=CAT  \\$aW2308-1659$c20230923$lBLL01$h0955
=FIN  \\$aY$d20180416
=FMT  \\$a  BK
=LAS  \\$aW2308-1659$b00$c20230923$lBLL01$h0955
=SRC  \\$aBLL02

