=LDR  01492 am a2200421 i 4500
=001  018692503
=003  Uk
=005  20181102085650.0
=008  171123s2016\\\\ag\a\\\\\b\\\\000\0\spa\d
=010  \\$a  2017372213
=020  \\$a9789874592668
=035  \\$a(AR-BaFGC)0-186240/0
=035  \\$a(OCoLC) 1013477908
=040  \\$aAR-BaFGC$beng$cAR-BaFGC$dDLC$dUk$erda
=042  \\$aukblderived
=043  \\$as-ag---
=050  00$aHD7678$b.W47 2016
=100  1\$aWerner, Antonio F.,$eauthor.
=245  10$aHistorias de la salud y la enfermedad de los trabajadores /$cAntonio F. Werner, Eduardo A. Scarlatto.
=264  \1$aCiudad Autónoma de Buenos Aires :$bEAB Editorial Alfredo Buzzi,$c[2016]
=300  \\$a304 pages :$billustrations ;$c28 cm
=336  \\$atext$2rdacontent
=337  \\$aunmediated$2rdamedia
=338  \\$avolume$2rdacarrier
=504  \\$aIncludes bibliographical references (pages 302-304).
=650  \0$aIndustrial hygiene$zArgentina$xHistory.
=650  \0$aWork environment$zArgentina$xHistory.
=650  \0$aOccupational diseases$xHistory.
=700  1\$aScarlato, Eduardo A.,$eauthor.
=852  41$aBritish Library$bHMNTS$jYF.2018.b.1649
=856  41$uhttp://core.cambeiro.com.ar/0-186240-0.pdf
=CAT  \\$a11253$b40$c20180123$lBLL01$h1447
=CAT  \\$a10904$b40$c20181102$lBLL01$h0856
=CAT  \\$aBATCH-UPD$b40$c20191220$lBLL01$h2041
=FIN  \\$aY$d20181102
=FMT  \\$a  BK
=LAS  \\$aBATCH-UPD$b40$c20191220$lBLL01$h2041
=SID  \\$aZ39$bLOC

