=LDR  01722 am a2200445 i 4500
=001  018692506
=003  Uk
=005  20181101134926.0
=008  170322e201701\\ag\\\\\\\b\\\\000\0\spa\d
=010  \\$a  2017371095
=020  \\$a9789874571274
=035  \\$a(AR-BaFGC)0-180791/2
=035  \\$a(OCoLC) 982316013
=040  \\$aAR-BaFGC$beng$cAR-BaFGC$dDLC$dUk$erda
=042  \\$aukblderived
=043  \\$as-ag---
=050  00$aF2906$b.E88 2017
=100  1\$aEstruch, Dolores,$eauthor.
=245  13$aEl ejercicio del poder en el Jujuy colonial :$benlaces y tensiones entre la jurisdicción civil y la eclesiástica : siglo XVI-XVIII /$cDolores Estruch.
=250  \\$aPrimera edición.
=264  \1$a[San Fernando, Buenos Aires, Argentina] :$bLa Bicicleta Ediciones,$cenero de 2017.
=300  \\$a307 pages ;$c23 cm.
=336  \\$atext$2rdacontent
=337  \\$aunmediated$2rdamedia
=338  \\$avolume$2rdacarrier
=490  0\$aColección Hipótesis
=500  \\$aBased on the author's thesis (doctoral)--Universidad de Buenos Aires, 2016.
=504  \\$aIncludes bibliographical references (pages 265-305).
=650  \0$aPower (Social sciences)$zArgentina$zJujuy (Province)$xHistory.
=650  \0$aChurch and state$zArgentina$zJujuy (Province)$xHistory.
=650  \0$aElite (Social sciences)$zArgentina$zJujuy (Province)$xHistory.
=651  \0$aJujuy (Argentina : Province)$xHistory.
=852  41$aBritish Library$bHMNTS$jYF.2018.a.18941
=856  41$uhttp://core.cambeiro.com.ar/0-180791-2.pdf
=CAT  \\$a11253$b40$c20180123$lBLL01$h1449
=CAT  \\$a10904$b40$c20181101$lBLL01$h1349
=FIN  \\$aY$d20181101
=FMT  \\$a  BK
=LAS  \\$a10904$b40$c20181101$lBLL01$h1349
=SRC  \\$aBLL02

