=LDR  02038 am a2200541 i 4500
=001  018692507
=003  Uk
=005  20190123100533.0
=008  170919s2017\\\\ag\a\\\\\b\\\\000\0\spa\c
=010  \\$a2017372422  
=020  \\$a9789875748644
=020  \\$a9875748641
=035  \\$a(OCoLC)1004603745
=040  \\$aARFGC$beng$cARFGC$dCUY$dOCLCO$dHLS$dOCLCA$dIXA$dOCLCF$dOCLCA$dOCL$dCHVBK$dOCLCO$dDLC$erda
=042  \\$aukblderived
=043  \\$as-ag---$as-cl---$as-bl---
=050  \4$aF2849$b.F578 2017
=100  1\$aFlores, Roberto D.,$eauthor.
=245  10$aArgentina con Brasil y Chile (1946-1962) :$bconstrucción y difusión de una política de integración regional /$cRoberto Dante Flores.
=264  \1$aBuenos Aires, Argentina :$bPrometeo Libros,$c[2017]
=300  \\$a375 pages :$billustrations ;$c23 cm
=336  \\$atext$2rdacontent
=337  \\$aunmediated$2rdamedia
=338  \\$avolume$2rdacarrier
=504  \\$aIncludes bibliographical references (pages 365-375).
=648  \7$a1943-1983$2fast
=650  \7$aDiplomatic relations.$2fast$0(OCoLC)fst01907412
=650  \7$aAußenbeziehungen$2gnd
=651  \0$aArgentina$xForeign relations$y1943-1955.
=651  \0$aArgentina$xForeign relations$y1955-1983.
=651  \0$aArgentina$xForeign relations$zChile.
=651  \0$aChile$xForeign relations$zArgentina.
=651  \0$aArgentina$xForeign relations$zBrazil.
=651  \0$aBrazil$xForeign relations$zArgentina.
=651  \7$aArgentina.$2fast$0(OCoLC)fst01205614
=651  \7$aBrazil.$2fast$0(OCoLC)fst01206830
=651  \7$aChile.$2fast$0(OCoLC)fst01205362
=651  \7$aArgentinien$2gnd
=651  \7$aChile$2gnd
=651  \7$aBrasilien$2gnd
=852  41$aBritish Library$bHMNTS$jYF.2019.a.1993
=856  41$uhttp://core.cambeiro.com.ar/0-188929-0.pdf
=CAT  \\$aBATCH-WEL$b00$c20190123$lBLL01$h1005
=CAT  \\$aBATCH-UPD$b00$c20190123$lBLL01$h1008
=FIN  \\$aY$d20190123
=FMT  \\$a  BK
=LAS  \\$aBATCH-UPD$b00$c20190123$lBLL01$h1008
=SRC  \\$aOCLC$bOCLChits0718.txt

