=LDR  01521 am a2200409 i 4500
=001  018692523
=003  Uk
=005  20181102082847.0
=008  170502s2016\\\\ag\a\\\\\b\\\\000\0\spa\d
=010  \\$a  2017371368
=020  \\$a9789872765064
=035  \\$a(AR-BaFGC)0-186803/0
=035  \\$a(OCoLC) 986005484
=040  \\$aAR-BaFGC$beng$cAR-BaFGC$dDLC$dUk$erda
=042  \\$aukblderived
=043  \\$as-ag---
=050  00$aHB3560$b.A77 2016
=100  1\$aSalas, Adela M.,$eauthor.
=245  10$aPoblación y sociedad en Buenos Aires rural :$bArrecifes 1615-1765 /$cAdela M. Salas.
=264  \1$aBuenos Aires :$bEditorial Torre de Hércules,$c2016.
=300  \\$a290 pages :$billustrations ;$c23 cm
=336  \\$atext$2rdacontent
=337  \\$aunmediated$2rdamedia
=338  \\$avolume$2rdacarrier
=504  \\$aIncludes bibliographical references (pages 279-290).
=651  \0$aArrecifes (Argentina : Partido)$xPopulation$xHistory$y17th century.
=651  \0$aArrecifes (Argentina : Partido)$xPopulation$xHistory$y18th century.
=651  \0$aArrecifes (Argentina : Partido)$xSocial conditions$y17th century.
=651  \0$aArrecifes (Argentina : Partido)$xSocial conditions$y18th century.
=852  41$aBritish Library$bHMNTS$jYF.2018.a.18959
=856  41$uhttp://core.cambeiro.com.ar/0-186803-0.pdf
=CAT  \\$a11253$b40$c20180123$lBLL01$h1519
=CAT  \\$a10904$b40$c20181102$lBLL01$h0828
=FIN  \\$aY$d20181102
=FMT  \\$a  BK
=LAS  \\$a10904$b40$c20181102$lBLL01$h0828
=SRC  \\$aBLL02

