=LDR  01857cam a2200493 i 4500
=001  018692530
=003  Uk
=005  20210825115300.0
=008  170926s2017\\\\ag\\\\\\\b\\\f000\0\spa\d
=010  \\$a  2017372627
=020  \\$a9789876993937$qpaperback
=035  \\$a(AR-BaFGC)0-172835/15
=035  \\$a(OCoLC) 1004934935
=040  \\$aAR-BaFGC$beng$cAR-BaFGC$dDLC$dUk$erda
=042  \\$aukblsr
=050  00$aPQ7798.12.A678$bZ54 2017
=100  1\$aBoero, María Soledad,$d1973-$eauthor.
=245  10$aTrazos impersonales :$bJorge Baron Biza y Carlos Correas : una mirada heterobiográfica /$cMaría Soledad Boero.
=264  \1$aVilla María, Córdoba, Argentina :$bEduvim,$c[2017]
=300  \\$a200 pages ;$c22 cm.
=336  \\$atext$2rdacontent
=337  \\$aunmediated$2rdamedia
=338  \\$avolume$2rdacarrier
=490  0\$aJQKA libros
=500  \\$aBased on the author's thesis (doctoral)--Universidad Nacional de Córdoba, 2013.
=504  \\$aIncludes bibliographical references (pages 193-200).
=600  10$aBarón Biza, Jorge,$d1942-2001$xCriticism and interpretation.
=600  10$aCorreas, Carlos$xCriticism and interpretation.
=830  \0$aJQKA libros.
=852  41$aBritish Library$bHMNTS$jYF.2021.a.1937
=856  41$uhttp://core.cambeiro.com.ar/0-172835-15.pdf
=CAT  \\$a11253$b40$c20180123$lBLL01$h1529
=CAT  \\$a10904$b40$c20180310$lBLL01$h0836
=CAT  \\$a10904$b40$c20180310$lBLL01$h0837
=CAT  \\$a11342$b40$c20210514$lBLL01$h1811
=CAT  \\$a11342$b40$c20210527$lBLL01$h0022
=CAT  \\$a11342$b40$c20210825$lBLL01$h1150
=CAT  \\$a11342$b40$c20210825$lBLL01$h1153
=CAT  \\$aBATCH-UPD$b40$c20230114$lBLL01$h1754
=CAT  \\$aW2308-1659$c20230923$lBLL01$h0955
=FIN  \\$aY$d20210825
=FMT  \\$a  BK
=LAS  \\$aW2308-1659$b00$c20230923$lBLL01$h0955
=SRC  \\$aBLL02

