=LDR  01391cam a2200397 i 4500
=001  018716781
=003  Uk
=005  20180620105751.0
=008  170323s2016\\\\ag\a\\\\\b\\\\000\0\spa\d
=010  \\$a  2017371198
=020  \\$a9789873677526
=035  \\$a(AR-BaFGC)0-184510/0
=035  \\$a(OCoLC) 983209450
=040  \\$aAR-BaFGC$beng$cAR-BaFGC$dDLC$dUk$erda
=042  \\$aukblderived
=043  \\$as-ag---
=050  00$aHD9787.A74$bG75 2016
=100  1\$aBarbero, María Inés,$eauthor.
=245  10$aReinvención permanente, una estrategia :$b120 años de Grimoldi /$cMaría Inés Barbero ; prólogo de Juan Carlos de Pablo.
=264  \1$aBuenos Aires :$bGrupo Unión,$c2016.
=300  \\$a117 pages :$billustrations (some color) ;$c22 cm
=336  \\$atext$2rdacontent
=337  \\$aunmediated$2rdamedia
=338  \\$avolume$2rdacarrier
=504  \\$aIncludes bibliographical references (pages 114-117).
=610  20$aGrimoldi (Firm)$xHistory.
=650  \0$aShoe industry$zArgentina$xHistory.
=852  41$aBritish Library$bHMNTS$jYF.2018.a.10396
=856  41$uhttp://core.cambeiro.com.ar/0-184510-0.pdf
=CAT  \\$a11253$b40$c20180130$lBLL01$h1419
=CAT  \\$a10904$b40$c20180620$lBLL01$h1057
=CAT  \\$aW2308-1659$c20230923$lBLL01$h0955
=FIN  \\$aY$d20180620
=FMT  \\$a  BK
=LAS  \\$aW2308-1659$b00$c20230923$lBLL01$h0955
=SID  \\$aZ39$bLOC

