=LDR  01595cam a2200421 i 4500
=001  018716787
=003  Uk
=005  20180621083042.0
=008  170526s2017\\\\ag\a\\\\\b\\\s000\0\spa\d
=010  \\$a  2017371378
=020  \\$a9789874034144
=035  \\$a(AR-BaFGC)0-182808/4
=035  \\$a(OCoLC) 988134668
=040  \\$aAR-BaFGC$beng$cAR-BaFGC$dDLC$dUk$erda
=042  \\$aukblderived
=043  \\$as-ag---
=050  00$aHT1123.S24$bD66 2017
=100  1\$aDonoso Ríos, Ana Laura,$eauthor.
=245  10$aAmos y esclavos en San Juan de la Frontera :$bconvivencia y conflicto a fines del siglo XVIII /$cDonoso Ríos, Ana Laura.
=264  \1$a[San Juan, Argentina] :$bCámara de Diputados San Juan,$c[2017?]
=300  \\$a155 pages :$b9 illustrations (chiefly color) ;$c21 cm.
=336  \\$atext$2rdacontent
=337  \\$aunmediated$2rdamedia
=338  \\$avolume$2rdacarrier
=490  0\$aColección San Juan Escribe
=504  \\$aIncludes bibliographical references.
=650  \0$aEnslaved persons$zArgentina$zSan Juan (San Juan)$xSocial conditions$y18th century.
=650  \0$aBlack people$zArgentina$zSan Juan (San Juan)$xSocial life and customs$y18th century.
=852  41$aBritish Library$bHMNTS$jYF.2018.a.10417
=856  41$uhttp://core.cambeiro.com.ar/0-182808-4.pdf
=CAT  \\$a11253$b40$c20180130$lBLL01$h1425
=CAT  \\$a10904$b40$c20180621$lBLL01$h0830
=CAT  \\$a11249$b40$c20230131$lBLL01$h1310
=CAT  \\$a11249$b40$c20230704$lBLL01$h1529
=FIN  \\$aY$d20180621
=FMT  \\$a  BK
=LAS  \\$a11249$b40$c20230704$lBLL01$h1529
=SRC  \\$aBLL02

