=LDR  01656 am a2200433 i 4500
=001  018716790
=003  Uk
=005  20181102075144.0
=008  170919s2016\\\\ag\ab\\\\b\\\\000\0\spa\d
=010  \\$a  2017372535
=020  \\$a9789871280285
=035  \\$a(AR-BaFGC)0-76855/15
=035  \\$a(OCoLC) 1004592298
=040  \\$aAR-BaFGC$beng$cAR-BaFGC$dDLC$dUk$erda
=042  \\$aukblderived
=043  \\$as-ag---
=050  00$aF2821.1.H8$bI93 2016
=100  1\$aIucci, María Emilia,$eauthor.
=245  10$aProducción, uso y circulación de cerámica tardía en el valle de Hualfín, (Catamarca, Argentina) /$cMaría Emilia Iucci.
=264  \1$aBuenos Aires :$bSociedad Argentina de Antropología,$c[2016]
=300  \\$a320 pages :$billustrations, map ;$c21 cm.
=336  \\$atext$2rdacontent
=337  \\$aunmediated$2rdamedia
=338  \\$avolume$2rdacarrier
=490  0\$aColección Tesis doctorales
=502  \\$aThesis (doctoral)--Universidad Nacional de La Plata, 2013.
=504  \\$aIncludes bibliographical references (pages 297-321).
=650  \0$aIndians of South America$zArgentina$zHualfín Valley$xAntiquities.
=650  \0$aIndian pottery$zArgentina$zHualfín Valley.
=650  \0$aExcavations (Archaeology)$zArgentina$zHualfín Valley.
=651  \0$aHualfín Valley (Argentina)$zAntiquities.
=852  41$aBritish Library$bHMNTS$jYF.2018.a.18932
=856  41$uhttp://core.cambeiro.com.ar/0-76855-15.pdf
=CAT  \\$a11253$b40$c20180130$lBLL01$h1426
=CAT  \\$a10904$b40$c20181102$lBLL01$h0751
=FIN  \\$aY$d20181102
=FMT  \\$a  BK
=LAS  \\$a10904$b40$c20181102$lBLL01$h0751
=SID  \\$aZ39$bLOC

