=LDR  01571cam a2200421 i 4500
=001  018716795
=003  Uk
=005  20211207161400.0
=008  170526s2016\\\\ag\\\\\\\b\\\|0|0\0|spa\d
=010  \\$a  2017371350
=020  \\$a9789877070514$qpaperback
=035  \\$a(AR-BaFGC)0-186309/0
=035  \\$a(OCoLC) 988744238
=040  \\$aAR-BaFGC$beng$cAR-BaFGC$dDLC$dUk$erda
=042  \\$aukblsr
=043  \\$as-ag---
=050  00$aJL2098.A1$bP39 2016
=100  10$aPavoni, Norma L.$q(Norma Leonor),$eauthor.
=245  10$aFacciones, partidos y clientelismo político :$ben la Córdoba de entre siglos, 1890-1912 /$cNorma Leonor Pavoni.
=264  \1$a[Córdoba, Argentina] :$bEditorial Universidad Nacional de Córdoba,$c[2016]
=300  \\$a350 pages ;$c21 cm
=336  \\$atext$2rdacontent
=337  \\$aunmediated$2rdamedia
=338  \\$avolume$2rdacarrier
=500  \\$a"Anexos": pages 277-312.
=504  \\$aIncludes bibliographical references (pages 317-328).
=650  \0$aPolitical parties$zArgentina$zCórdoba (Province)$xHistory.
=650  \0$aPatronage, Political$zArgentina$zCórdoba (Province)$xHistory.
=651  \0$aCórdoba (Argentina : Province)$xPolitics and government.
=852  41$aBritish Library$bHMNTS$jYF.2021.a.17426
=856  41$uhttp://core.cambeiro.com.ar/0-186309-0.pdf
=CAT  \\$a11253$b40$c20180130$lBLL01$h1429
=CAT  \\$a11002$b40$c20180616$lBLL01$h0806
=CAT  \\$a7483$b40$c20211207$lBLL01$h1614
=FIN  \\$aY$d20180616
=FMT  \\$a  BK
=LAS  \\$a7483$b40$c20211207$lBLL01$h1614
=SRC  \\$aBLL02

