=LDR  01358 am a2200409 i 4500
=001  018716802
=003  Uk
=005  20180613081720.0
=008  170410e201704\\ag\\\\\\\b\\\\000\0dspa\d
=010  \\$a  2017371231
=020  \\$a9789504955979
=035  \\$a(AR-BaFGC)0-186893/0
=035  \\$a(OCoLC) 985252338
=040  \\$aAR-BaFGC$beng$cAR-BaFGC$dDLC$dUk$erda
=042  \\$aukblcatcopy
=043  \\$as-ag---
=050  00$aHV5822.M3$bS67 2017
=100  1\$aSoriano, Fernando,$d1978-$eauthor.
=245  10$aMarihuana :$bla historia : de Manuel Belgrano a las copas cannábicas /$cFernando Soriano.
=250  \\$a1a edición.
=264  \1$aC.A.B.A. :$bPlaneta,$cabril de 2017.
=300  \\$a428 pages ;$c21 cm
=336  \\$atext$2rdacontent
=337  \\$aunmediated$2rdamedia
=338  \\$avolume$2rdacarrier
=500  \\$aPublished in Buenos Aires.
=504  \\$aIncludes bibliographical references (pages 427-428).
=650  \0$aMarijuana$xSocial aspects$zArgentina$xHistory.
=650  \0$aMarijuana$xSocial aspects$xHistory.
=852  41$aBritish Library$bHMNTS$jYF.2018.a.9904
=856  41$uhttp://core.cambeiro.com.ar/0-186893-0.pdf
=CAT  \\$a11253$b40$c20180130$lBLL01$h1432
=CAT  \\$a11002$b40$c20180613$lBLL01$h0817
=FIN  \\$aY$d20180613
=FMT  \\$a  BK
=LAS  \\$a11002$b40$c20180613$lBLL01$h0817
=SRC  \\$aBLL02

