=LDR  02965 am a2200457 i 4500
=001  018716810
=003  Uk
=005  20180620112437.0
=008  170510e201609\\ag\a\\\\\b\\\f000\0\spa\d
=010  \\$a  2017371190
=020  \\$a9789508632678
=035  \\$a(AR-BaFGC)0-169441/5
=035  \\$a(OCoLC) 987704188
=040  \\$aAR-BaFGC$beng$cAR-BaFGC$dDLC$dUk$erda
=042  \\$aukblderived
=043  \\$as-ag---
=050  00$aHB2440.L3$bP63 2016
=245  03$aLa población rural en la provincia de La Pampa :$bvestigios del pasado, singularidades presentes y alertas para el futuro de los pueblos rurales /$cBeatriz Dillon (coordinadora).
=264  \1$aSanta Rosa, La Pampa [Argentina] :$bEdUNLPam,$cseptiembre 2016.
=300  \\$a303 pages :$billustrations ;$c25 cm.
=336  \\$atext$2rdacontent
=337  \\$aunmediated$2rdamedia
=338  \\$avolume$2rdacarrier
=490  0\$aLibros de texto para estudiantes universitarios
=500  \\$a"[2016]".
=504  \\$aIncludes bibliographical references.
=505  0\$aLos estudios de población rural / Oscar Daniel Folmer -- El proceso de construcción espacial de La Pampa : la expansión agraria de fines del sigo XIX, el tendido ferroviario y el nacimiento de la mayoría de los pueblos / Beatriz Dillon -- Evolución, realidad y futuro de la población rural en La Pampa / Beatriz Dillon -- Sarah Wilkinson ... el amor, Sans Soucis y un pueblo en La Pampa / Beatriz Dillon -- Entre rastrilladas, trenes y camiones : Chamaicó reconfigura su lugar / María Carolina Diharce -- Chanilao/Ojeda : encrucijada, relaciones de poder y olvido de un pueblo en La Pampa / Beatriz Dillon -- Boeuf : ferrocarril, explotación y abandono / Nadia Anahí Fiori -- Villa Borgna : de las tierras de Pincén a un barrio de General Pico / Gustavo Gastón Pérez -- Huelén : un lugar desolado y de mala suerte : ambos sellaron su futuro / Micaela Anahí Herlein -- Vías que cuentan historias : Remecó, testimonios de un glorioso pasado / Rocío Amancay Robein -- Utracán : mitos y realidades en el Valle Argentino / Solange Elizabeth Romero -- Propuestas de actividades para trabajar lso temas-problemas abordados / Gustavo Gastón Pérez, María Carolina Diharce, Beatriz Dillon.
=650  \0$aRural population$zArgentina$zLa Pampa (Province)
=650  \0$aVillages$zArgentina$zLa Pampa$xHistory.
=651  \0$aLa Pampa (Argentina : Province)$xRural conditions.
=700  1\$aDillon, Beatriz Susana,$eeditor.
=700  12$iContainer of (work):$aDillon, Beatriz Susana.$tProceso de construcción espacial de La Pampa.
=852  41$aBritish Library$bHMNTS$jYF.2018.a.10385
=856  41$uhttp://core.cambeiro.com.ar/0-169441-5.pdf
=CAT  \\$a11253$b40$c20180130$lBLL01$h1438
=CAT  \\$a10904$b40$c20180620$lBLL01$h1123
=CAT  \\$a10904$b40$c20180620$lBLL01$h1124
=FIN  \\$aY$d20180620
=FMT  \\$a  BK
=LAS  \\$a10904$b40$c20180620$lBLL01$h1124
=SRC  \\$aBLL02

