=LDR  01480 am a2200409 i 4500
=001  018716817
=003  Uk
=005  20180613073023.0
=008  160816s2016\\\\ag\\\\\\\b\\\\001\0\spa\d
=010  \\$a  2016366713
=020  \\$a9789500754941
=035  \\$a(AR-BaFGC)0-109555/116
=035  \\$a(OCoLC) 958364381
=040  \\$aAR-BaFGC$beng$cAR-BaFGC$dDLC$dUk$erda
=042  \\$aukblderived
=050  00$aBX1378.7$b.L367 2016
=100  1\$aLarraquy, Marcelo,$d1965-$eauthor.
=245  10$aCódigo Francisco :$bcómo el Papa se transformó en el principal lider político global y cuál es su estrategia para cambiar el mundo /$cMarcelo Larraquy.
=264  \1$aBuenos Aires :$bSudamericana,$c[2016]
=300  \\$a477 pages ;$c23 cm
=336  \\$atext$2rdacontent
=337  \\$aunmediated$2rdamedia
=338  \\$avolume$2rdacarrier
=504  \\$aIncludes bibliographical references (pages 441-463) and index.
=600  00$aFrancis,$cPope,$d1936-
=610  20$aCatholic Church$xHistory$y21st century.
=610  20$aCatholic Church$zArgentina$xHistory.
=650  \0$aCatholic church and world politics.
=852  41$aBritish Library$bHMNTS$jYF.2018.a.9887
=856  41$uhttp://core.cambeiro.com.ar/0-109555-116.pdf
=CAT  \\$a11253$b40$c20180130$lBLL01$h1446
=CAT  \\$a6491$b40$c20180612$lBLL01$h0926
=CAT  \\$a11002$b40$c20180613$lBLL01$h0730
=FIN  \\$aY$d20180613
=FMT  \\$a  BK
=LAS  \\$a11002$b40$c20180613$lBLL01$h0730
=SRC  \\$aBLL02

