=LDR  01434 am a2200421 i 4500
=001  018716828
=003  Uk
=005  20190628083646.0
=008  180126s2017\\\\ag\\\\\\\\\\\\000\0\spa\d
=010  \\$a2017372664  
=020  \\$a9789500757287
=020  \\$a9500757281
=035  \\$a(OCoLC)1021262933
=040  \\$aAR-BaFGC$beng$cDLC$dCUY$dOCLCF$dARFGC$erda
=042  \\$aukblderived
=043  \\$as-ag---
=050  00$aF2849.3$b.W56 2017
=100  1\$aWiñazki, Nicolás,$eauthor.
=245  10$aFueron por todo :$bhistoria secreta de la Argentina K /$cNicolás Wiñazki.
=264  \1$aBuenos Aires :$bSudamericana,$c[2017]
=300  \\$a383 pages ;$c23 cm
=336  \\$atext$2rdacontent
=337  \\$aunmediated$2rdamedia
=338  \\$avolume$2rdacarrier
=648  \7$aSince 2002$2fast
=650  \0$aPolitical corruption$zArgentina.
=650  \7$aPolitical corruption.$2fast$0(OCoLC)fst01069240
=650  \7$aPolitics and government.$2fast$0(OCoLC)fst01919741
=651  \0$aArgentina$xPolitics and government$y2002-
=651  \7$aArgentina.$2fast$0(OCoLC)fst01205614
=852  41$aBritish Library$bHMNTS$jYF.2019.a.17774
=856  41$uhttp://core.cambeiro.com.ar/0-109555-129.pdf
=CAT  \\$aBATCH-WEL$b00$c20190628$lBLL01$h0836
=CAT  \\$aBATCH-UPD$b00$c20190628$lBLL01$h0837
=FIN  \\$aY$d20190628
=FMT  \\$a  BK
=LAS  \\$aBATCH-UPD$b00$c20190628$lBLL01$h0837
=SRC  \\$aOCLC$bOCLChits1902.lex

