=LDR  02648 am a2200433 i 4500
=001  018716853
=003  Uk
=005  20180319092509.0
=008  170804s2017\\\\ag\\\\\\\b\\\s001\0\spa\d
=010  \\$a  2017372054
=020  \\$a9789507932717
=035  \\$a(AR-BaFGC)0-188160/6
=035  \\$a(OCoLC) 1000341142
=040  \\$aAR-BaFGC$beng$cAR-BaFGC$dDLC$dUk$erda
=042  \\$aukblderived
=043  \\$as-ag---
=050  00$aHD9114.A73$bT75 2017
=245  03$aLa agricultura :$bactores, expresiones corporativas y políticas /$cMaría Celia Bravo (coordinadora).
=264  \1$a[Argentina] :$bEdiciones Imago Mundi :$bEnte Provincial Bicentenario Tucumán 2016, Gobierno de Tucumán :$bCFI, Consejo Federal de Inversiones,$c2017.
=300  \\$aXXV, 292 pages ;$c22 cm.
=336  \\$atext$2rdacontent
=337  \\$aunmediated$2rdamedia
=338  \\$avolume$2rdacarrier
=490  0\$aColección Historias temáticas de Tucumán
=500  \\$a"Historias de Tucumán, 1816-2016"--Page 4 of cover.
=504  \\$aIncludes bibliographical references (pages 285-290) and index.
=505  0\$aEl mundo rural de Tucumán (1780-1850) : tenencia de la tierra, familias y producción / Cristina López -- La industria azucarera moderna, la expansión de la caña de azúcar : tensiones y crecimiento (1850-1895) / María Celia Bravo -- Crisis azucarera, las "leyes machete" y la formación de la Estación Experimental (1895-1920) / María Celia Bravo -- Movilizaciones cañeras, Laudo Alvear y regulaciones azucareras (1919-1943) / María Celia Bravo -- La institucionalización de un sistema nacional de la regulación de la agroindustria azucarera (1943-1955) / Julieta Bustelo -- Crisis y colapso de la industria azucarera tucumana (1955-1965) / María Celia Bravo -- La destrucción del aparato productivo azucarero : cierre de los ingenios y recorte de los cupos de producción (1966-1976) / Julieta Bustelo -- La producción agrícola de Tucumán (1976-2001) : un espacio diversificado / María Celia Bravo y Ana Isabel Rivas.
=650  \0$aSugarcane industry$zArgentina$zTucumán$xHistory.
=651  \0$aTucumán (Argentina)$xRural conditions.
=700  1\$aBravo, María Celia,$eeditor.
=700  12$aBravo, María Celia.$tCrisis y colapso de la industria azucarera tucumana (1955-1965)
=852  41$aBritish Library$bHMNTS$jYF.2018.a.4710
=856  41$uhttp://core.cambeiro.com.ar/0-188160-6.pdf
=CAT  \\$a11253$b40$c20180130$lBLL01$h1530
=CAT  \\$a11131$b40$c20180319$lBLL01$h0925
=FIN  \\$aY$d20180319
=FMT  \\$a  BK
=LAS  \\$a11131$b40$c20180319$lBLL01$h0925
=SRC  \\$aBLL02

