=LDR  02093 am a2200445 i 4500
=001  018716861
=003  Uk
=005  20181101114102.0
=008  170723e201703\\ag\a\\\\\b\\\f000\0dspa\d
=010  \\$a  2017372003
=020  \\$a9789876882071
=035  \\$a(AR-BaFGC)0-187317/1
=035  \\$a(OCoLC) 995879702
=040  \\$aAR-BaFGC$beng$cAR-BaFGC$dDLC$dUk$erda
=042  \\$aukblderived
=043  \\$as-ag---
=050  00$aF2823.R2$bO87 2017
=245  00$aOtras intenciones, otras miradas :$btextos complementarios a Una excursión a los indios ranqueles /$cÁngel T. Tuninetti [editor].
=250  \\$aPrimera edición.
=264  \1$aRío Cuarto, Córdoba, Argentina :$bUniRío Editora, Universidad Nacional de Río Cuarto,$c2017.
=300  \\$a191 pages :$billustrations ;$c24 cm.
=336  \\$atext$2rdacontent
=337  \\$aunmediated$2rdamedia
=338  \\$avolume$2rdacarrier
=490  0\$aColección Líneas del tiempo
=504  \\$aIncludes bibliographical references (pages 177-191).
=505  0\$aLos religiosos en la literatura sobre Mansilla y su representación en Una excursión a los indios ranqueles -- Relación entregada al padre visitador por el prefecto padre Marcos Donati por el capítulo del año 1871 -- La excursión a los indios ranqueles de 1870 : apuntes personales de fray Moisés Álvarez entre 1871 y 1882 -- Informe de la expedición al desierto / fray Moisés Vicente Burela.
=600  10$aMansilla, Lucio V.,$d1831-1913.$tExcursión a los indios ranqueles.
=650  \0$aRanquel Indians.
=651  \0$aPampas (Argentina)$xDescription and travel.
=700  1\$aTuninetti, Angel Tomás A.,$eeditor.
=700  12$iContainer of (work):$aÁlvarez, Moisés.$tExcursión a los indios ranqueles de 1870.
=852  41$aBritish Library$bHMNTS$jYF.2018.a.18961
=856  41$uhttp://core.cambeiro.com.ar/0-187317-1.pdf
=CAT  \\$a11253$b40$c20180130$lBLL01$h1536
=CAT  \\$a10904$b40$c20181101$lBLL01$h1141
=FIN  \\$aY$d20181101
=FMT  \\$a  BK
=LAS  \\$a10904$b40$c20181101$lBLL01$h1141
=SID  \\$aZ39$bLOC

