=LDR  01165 am a2200373 i 4500
=001  018716881
=003  Uk
=005  20180416093153.0
=008  170802s2017\\\\ag\\\\\\\b\\\\000\0\spa\d
=010  \\$a  2017371932
=020  \\$a9789877121247
=035  \\$a(AR-BaFGC)0-153931/84
=035  \\$a(OCoLC) 999577923
=040  \\$aAR-BaFGC$beng$cAR-BaFGC$dDLC$dUk$erda
=042  \\$aukblderived
=050  00$aPQ2663.O6$bZ73 2017
=100  1\$aLink, Daniel,$eauthor.
=245  13$aLa lógica de Copi /$cDaniel Link.
=250  \\$aPrimera edición.
=264  \1$aBuenos Aires :$bEterna Cadencia Editorial,$c[2017]
=300  \\$a206 pages ;$c22 cm
=336  \\$atext$2rdacontent
=337  \\$aunmediated$2rdamedia
=338  \\$avolume$2rdacarrier
=504  \\$aIncludes bibliographical references.
=600  00$aCopi$xCriticism and interpretation.
=852  41$aBritish Library$bHMNTS$jYF.2018.a.6519
=856  41$uhttp://core.cambeiro.com.ar/0-153931-84.pdf
=CAT  \\$a11253$b40$c20180130$lBLL01$h1547
=CAT  \\$a10904$b40$c20180416$lBLL01$h0931
=FIN  \\$aY$d20180416
=FMT  \\$a  BK
=LAS  \\$a10904$b40$c20180416$lBLL01$h0931
=SRC  \\$aBLL02

