=LDR  01782 am a2200433 i 4500
=001  018716898
=003  Uk
=005  20181101132733.0
=008  170329s2016\\\\ag\\\\\\\b\\\f000\0\spa\d
=010  \\$a  2017371064
=020  \\$a9789871881673
=035  \\$a(AR-BaFGC)0-184829/2
=035  \\$a(OCoLC) 983211984
=040  \\$aAR-BaFGC$beng$cAR-BaFGC$dDLC$dUk$erda
=042  \\$aukblderived
=050  00$aPQ7797.B635$bZ7395 2016
=130  0\$aJorge Luis Borges (2016)
=245  10$aJorge Luis Borges :$bentre el tiempo y la eternidad /$cCristina Bulacio.
=264  \1$aS.M. de Tucumán, Argentina :$bEditorial de la Universidad Nacional de Tucumán (EDUNT),$c[2016]
=300  \\$a196 pages ;$c21 cm.
=336  \\$atext$2rdacontent
=337  \\$aunmediated$2rdamedia
=338  \\$avolume$2rdacarrier
=490  0\$aColección Saberes académicos
=504  \\$aIncludes bibliographical references (pages 189-193).
=505  0\$aHorizontes de sentido -- Cuando el lenguaje hace silencio -- Los torpes laberintos de la razón -- Un Dios irónico -- La levedad del yo y del mundo -- ¿Sólo un sueño?
=600  10$aBorges, Jorge Luis,$d1899-1986$xKnowledge$xPhilosophy.
=600  10$aBorges, Jorge Luis,$d1899-1986$xCriticism and interpretation.
=650  \0$aLiterature$xPhilosophy.
=700  12$iContainer of (work):$aBulacio, Cristina.$tJorge Luis Borges.
=700  12$iContainer of (work):$aBorges, Jorge Luis,$d1899-1986.$tWorks.$kSelections.
=852  41$aBritish Library$bHMNTS$jYF.2018.a.18935
=856  41$uhttp://core.cambeiro.com.ar/0-184829-2.pdf
=CAT  \\$a11253$b40$c20180130$lBLL01$h1557
=CAT  \\$a10904$b40$c20181101$lBLL01$h1327
=FIN  \\$aY$d20181101
=FMT  \\$a  BK
=LAS  \\$a10904$b40$c20181101$lBLL01$h1327
=SRC  \\$aBLL02

