=LDR  01387 am a2200409 i 4500
=001  018719337
=003  Uk
=005  20180613083825.0
=008  160210s2015\\\\ag\a\\\\\s\\\\000\0\spa\d
=010  \\$a  2016365428
=020  \\$a9789876144841
=035  \\$a(AR-BaFGC)0-181232/0
=040  \\$aAR-BaFGC$beng$cAR-BaFGC$dDLC$dUk$erda
=042  \\$aukblderived
=043  \\$as-ag---
=050  00$aHN263.5$b.S55 2015
=100  1\$aSili, Marcelo,$eauthor.
=245  10$aAtlas de la Argentina rural /$cMarcelo Sili, Martine Guibert, Roberto Bustos Cara.
=264  \1$aBuenos Aires, Argentina :$bCapital Intelectual,$c[2015]
=300  \\$a293 pages :$billustrations (chiefly color) ;$c30 cm
=336  \\$atext$2rdacontent
=336  \\$astill image$2rdacontent
=337  \\$aunmediated$2rdamedia
=338  \\$avolume$2rdacarrier
=651  \0$aArgentina$xRural conditions.
=651  \0$aArgentina$xRural conditions$vMaps.
=651  \0$aArgentina$xRural conditions$vStatistics.
=700  1\$aGuibert, Martine,$d1967-$eauthor.
=700  1\$aBustos Cara, Roberto,$eauthor.
=852  41$aBritish Library$bHMNTS$jLF.31.b.13269
=856  41$uhttp://core.cambeiro.com.ar/0-181232-0.pdf
=CAT  \\$a11253$b40$c20180131$lBLL01$h0755
=CAT  \\$a11002$b40$c20180613$lBLL01$h0838
=FIN  \\$aY$d20180613
=FMT  \\$a  BK
=LAS  \\$a11002$b40$c20180613$lBLL01$h0838
=SRC  \\$aBLL02

