=LDR  01335 am a2200397 i 4500
=001  018738515
=003  Uk
=005  20180620133503.0
=008  170418e201703\\ag\\\\\\\b\\\\000\0\spa\d
=010  \\$a  2017371156
=020  \\$a9789501294903
=035  \\$a(AR-BaFGC)0-185973/0
=040  \\$aAR-BaFGC$beng$cAR-BaFGC$dDLC$dUk$erda
=042  \\$aukblderived
=043  \\$as-ag---
=050  00$aHV6250.4.W65$bH457 2017
=100  1\$aHendel, Liliana,$eauthor.
=245  10$aViolencias de género :$blas mentiras del patriarcado /$cLiliana Hendel.
=250  \\$a1a edición.
=264  \1$aBuenos Aires, Argentina :$bPaidós,$cmarzo de 2017.
=300  \\$a383 pages ;$c23 cm
=336  \\$atext$2rdacontent
=337  \\$aunmediated$2rdamedia
=338  \\$avolume$2rdacarrier
=504  \\$aIncludes bibliographical references (pages 381-383).
=650  \0$aWomen$xViolence against$zArgentina.
=650  \0$aSex discrimination against women$zArgentina.
=650  \0$aMale domination (Social structure)$zArgentina.
=852  41$aBritish Library$bHMNTS$jYF.2018.a.10389
=856  41$uhttp://core.cambeiro.com.ar/0-185973-0.pdf
=CAT  \\$a6503$b40$c20180209$lBLL01$h1217
=CAT  \\$a10904$b40$c20180620$lBLL01$h1335
=FIN  \\$aY$d20180620
=FMT  \\$a  BK
=LAS  \\$a10904$b40$c20180620$lBLL01$h1335
=SRC  \\$aBLL02

