=LDR  01858cam a2200517 i 4500
=001  018738521
=003  Uk
=005  20211028211558.0
=008  170515s2017\\\\ag\\\\\\\b\\\\001\0dspa\d
=010  \\$a2017371238  
=020  \\$a9789504955108
=035  \\$a(AR-BaFGC)0-646/218
=035  \\$a(OCoLC) 987723296
=040  \\$aAR-BaFGC$beng$cAR-BaFGC$dDLC$dUk$erda
=042  \\$aukblsr
=043  \\$as-ag---
=050  00$aF2849.33.C37$bR34 2017
=100  1\$aRafele, Esteban,$d1980-$eauthor.
=245  13$aEl otro yo :$bNicolás Caputo : socio y operador secreto de Mauricio Macri en la Argentina del capitalismo de amigos /$cEsteban Rafele, Noelia Barral Grigera.
=264  \1$aC.A.B.A. :$bPlaneta,$c[2017].
=300  \\$a285 pages ;$c23 cm.
=336  \\$atext$2rdacontent
=337  \\$aunmediated$2rdamedia
=338  \\$avolume$2rdacarrier
=490  0\$aEspejo de la Argentina
=504  \\$aIncludes bibliographical references (pages 265-268) and index.
=600  10$aCaputo, Nicolás J. B.
=600  10$aMacri, Mauricio,$d1959-$xFriends and associates.
=650  \0$aBusiness and politics$zArgentina.
=651  \0$aArgentina$xPolitics and government$y2002-
=700  1\$aBarral Grigera, Noelia,$d1979-$eauthor.
=852  41$aBritish Library$bHMNTS$jYF.2021.a.10130
=856  41$uhttp://core.cambeiro.com.ar/0-646-218.pdf
=BUF  2\$aN2$d20180319
=CAT  \\$a6503$b40$c20180209$lBLL01$h1223
=CAT  \\$a11131$b40$c20180319$lBLL01$h1253
=CAT  \\$a11056$b40$c20210915$lBLL01$h1347
=CAT  \\$a7483$b40$c20211025$lBLL01$h0855
=CAT  \\$aBATCH-BUOC$b00$c20211028$lBLL01$h2115
=CAT  \\$aBATCH-UPD$b00$c20211028$lBLL01$h2116
=CAT  \\$aW2308-1659$c20230923$lBLL01$h0955
=FIN  \\$aY$d20211025
=FMT  \\$a  BK
=LAS  \\$aW2308-1659$b00$c20230923$lBLL01$h0955
=SID  \\$aZ39$bOCLC
=SRC  \\$aBLL02

