=LDR  01901cam a2200517 i 4500
=001  018738522
=003  Uk
=005  20221222211710.0
=008  170601s2017\\\\ag\a\\\\\b\\\\000\0dspa\d
=010  \\$a2017371324  
=020  \\$a9789505638406
=035  \\$a(AR-BaFGC)0-79810/27
=035  \\$a(OCoLC) 988654101
=040  \\$aAR-BaFGC$beng$cAR-BaFGC$dDLC$dUk$erda
=042  \\$aukblsr
=043  \\$as-ag---
=050  00$aHC175$b.V34 2017
=100  1\$aVanoli, Alejandro,$eauthor.
=245  10$aPatria o dólar :$bBanco Central, corporaciones y especulación financiera /$cAlejandro Vanoli.
=264  \1$aBuenos Aires, Argentina :$bEdiciones Colihue,$c[2017].
=300  \\$a296 pages :$billustrations ;$c22 cm.
=336  \\$atext$2rdacontent
=337  \\$aunmediated$2rdamedia
=338  \\$avolume$2rdacarrier
=490  0\$aSerie Protagonistas
=500  \\$a"Carta de renuncia": pages 271-276.
=500  \\$a"Acciones llevadas a cabo por la CNV en temas de Papel Prensa": pages 277-288.
=500  \\$a"Acerca de los contratos de dólar a futuro": pages 289-296.
=504  \\$aIncludes bibliographical references.
=651  \0$aArgentina$xEconomic policy.
=651  \0$aArgentina$xEconomic conditions$y21st century.
=651  \0$aArgentina$xPolitics and government$y21st century.
=852  41$aBritish Library$bHMNTS$jYF.2022.a.7655
=856  41$uhttp://core.cambeiro.com.ar/0-79810-27.pdf
=BUF  2\$aN2$d20180616
=CAT  \\$a6503$b40$c20180209$lBLL01$h1224
=CAT  \\$a11002$b40$c20180616$lBLL01$h0744
=CAT  \\$a5004$b40$c20220420$lBLL01$h1644
=CAT  \\$a14803$b40$c20221206$lBLL01$h1358
=CAT  \\$aBATCH-BUOC$b00$c20221222$lBLL01$h2116
=CAT  \\$aBATCH-UPD$b00$c20221222$lBLL01$h2221
=CAT  \\$aW2308-1659$c20230923$lBLL01$h0955
=FIN  \\$aY$d20221206
=FMT  \\$a  BK
=LAS  \\$aW2308-1659$b00$c20230923$lBLL01$h0955
=SRC  \\$aBLL02

