=LDR  01565cam a22004217i 4500
=001  018738556
=003  Uk
=005  20181101155731.0
=008  171124e201709\\ag\\\\\\\b\\\\000\0dspa\d
=010  \\$a  2017372149
=020  \\$a9789501296143
=035  \\$a(AR-BaFGC)0-188916/0
=035  \\$a(OCoLC) 1013515734
=040  \\$aAR-BaFGC$beng$cAR-BaFGC$dDLC$dUk$erda
=042  \\$aukblderived
=043  \\$as-ag---
=050  00$aHF5548.325.A7$bC38 2017
=100  1\$aCatalano, Sebastián,$d1975-$eauthor.
=245  14$aLos nuevos reyes argentinos :$blas increíbles historias de Mercado Libre, Globant, Despegar y OXL : cómo se construyeron las empresas tecnológicas que valen más de 1000 millones de dólares /$cSebastián Catalano.
=264  \1$aBuenos Aires :$bPaidós,$cseptiembre de 2017.
=300  \\$a314 pages ;$c23 cm.
=336  \\$atext$2rdacontent
=337  \\$aunmediated$2rdamedia
=338  \\$avolume$2rdacarrier
=490  0\$aPeriodismo & actualidad
=504  \\$aIncludes bibliographical references.
=650  \0$aElectronic commerce$zArgentina$vCase studies.
=852  41$aBritish Library$bHMNTS$jYF.2018.a.18934
=856  41$uhttp://core.cambeiro.com.ar/0-188916-0.pdf
=CAT  \\$a6503$b40$c20180209$lBLL01$h1326
=CAT  \\$a10904$b40$c20181101$lBLL01$h1332
=CAT  \\$a10804$b40$c20181101$lBLL01$h1557
=CAT  \\$aBATCH-UPD$b40$c20181101$lBLL01$h1558
=CAT  \\$aW2308-1659$c20230923$lBLL01$h0955
=FIN  \\$aY$d20181101
=FMT  \\$a  BK
=LAS  \\$aW2308-1659$b00$c20230923$lBLL01$h0955
=SRC  \\$aBLL02

