=LDR  01550 am a2200433 i 4500
=001  018738615
=003  Uk
=005  20180319093418.0
=008  170807s2017\\\\ag\\\\\\\b\\\\000\0\spa\d
=010  \\$a  2017372046
=020  \\$a9789873864582
=035  \\$a(AR-BaFGC)0-162799/54
=035  \\$a(OCoLC) 1000376926
=040  \\$aAR-BaFGC$beng$cAR-BaFGC$dDLC$dUk$erda
=042  \\$aukblderived
=043  \\$as-ag---$ae-sp---
=050  00$aF2849.2$b.F467 2017
=100  1\$aFerraris, María Carolina,$eauthor.
=245  13$aLa influencia del franquismo en la dictadura de Onganía :$bautoritarismo y desarrollismo durante la Guerra Fría /$cMaría Carolina Ferraris.
=264  \1$aRosario, Argentina :$bProhistoria Ediciones,$c2017.
=300  \\$a199 pages ;$c23 cm.
=336  \\$atext$2rdacontent
=337  \\$aunmediated$2rdamedia
=338  \\$avolume$2rdacarrier
=490  0\$aColección Universidad ;$v56
=504  \\$aIncludes bibliographical references (pages 183-199).
=650  \0$aAuthoritarianism$zArgentina.
=651  \0$aArgentina$xPolitics and government$y1955-1983.
=651  \0$aArgentina$xEconomic policy.
=651  \0$aSpain$xPolitics and government$y1935-1975.
=651  \0$aSpain$xEconomic policy.
=852  41$aBritish Library$bHMNTS$jYF.2018.a.4736
=856  41$uhttp://core.cambeiro.com.ar/0-162799-54.pdf
=CAT  \\$a6503$b40$c20180209$lBLL01$h1335
=CAT  \\$a11131$b40$c20180319$lBLL01$h0934
=FIN  \\$aY$d20180319
=FMT  \\$a  BK
=LAS  \\$a11131$b40$c20180319$lBLL01$h0934
=SRC  \\$aBLL02

