=LDR  01612 am a2200409 i 4500
=001  018738619
=003  Uk
=005  20180612110221.0
=008  160505s2016\\\\ag\a\\\\\b\\\s000\0cspa\d
=010  \\$a  2016365798
=020  \\$a9789874034014
=035  \\$a(AR-BaFGC)0-182812/0
=040  \\$aAR-BaFGC$beng$cAR-BaFGC$dDLC$dUk$erda
=042  \\$aukblderived
=043  \\$as-ag---
=050  00$aHV6322.3.A7$bG665 2016
=100  1\$aGonzález, Mariana,$einterviewer.
=245  10$aCuarenta años :$bvoces del último golpe de Estado /$cMariana González, Víctor Algañaraz [interviewers].
=246  30$aVoces del último golpe de estado en San Juan
=264  \1$a[San Juan, Argentina] :$bFondo Editorial Cámara de Diputados de San Juan,$c[2016]
=300  \\$a211 pages :$billustrations (some color) ;$c21 cm
=336  \\$atext$2rdacontent
=337  \\$aunmediated$2rdamedia
=338  \\$avolume$2rdacarrier
=504  \\$aIncludes bibliographical references.
=650  \0$aVictims of state-sponsored terrorism$zArgentina$zSan Juan (Province)$vBiography.
=650  \0$aDisappeared persons$zArgentina$zSan Juan (Province)$vBiography.
=650  \0$aVictims of state-sponsored terrorism$zArgentina$zSan Juan (Province)$vInterviews.
=700  1\$aAlgañaraz, Víctor,$einterviewer.
=852  41$aBritish Library$bHMNTS$jYF.2018.a.9898
=856  41$uhttp://core.cambeiro.com.ar/0-182812-0.pdf
=CAT  \\$a6503$b40$c20180209$lBLL01$h1339
=CAT  \\$a11002$b40$c20180612$lBLL01$h1102
=FIN  \\$aY$d20180612
=FMT  \\$a  BK
=LAS  \\$a11002$b40$c20180612$lBLL01$h1102
=SRC  \\$aBLL02

