=LDR  01607 am a2200421 i 4500
=001  018738637
=003  Uk
=005  20180319082222.0
=008  160620s2016\\\\ag\a\\\\\b\\\\000\0\spa\d
=010  \\$a  2016366250
=020  \\$a9789873864292
=035  \\$a(AR-BaFGC)0-180922/2
=040  \\$aAR-BaFGC$beng$cAR-BaFGC$dDLC$dUk$erda
=042  \\$aukblderived
=043  \\$as-ag---
=050  00$aBX3614.A7$bT76 2016
=100  1\$aTroisi Melean, Jorge,$eauthor.
=245  10$aSocios incómodos :$blos franciscanos de Córdoba en una era de transformaciones (1767-1829) /$cJorge Troisi Melean.
=264  \1$aRosario :$bProhistoria Ediciones,$c2016.
=300  \\$a189 pages :$billustrations ;$c23 cm.
=336  \\$atext$2rdacontent
=337  \\$aunmediated$2rdamedia
=338  \\$avolume$2rdacarrier
=490  0\$aIglesias y religiosidades ;$v02 [2]
=500  \\$aPublished in Rosario, Santa Fe, Argentina.
=504  \\$aIncludes bibliographical references (pages 165-189).
=610  20$aFranciscans$zArgentina$zCórdoba (Province)$xHistory$y18th century.
=610  20$aFranciscans$zArgentina$zCórdoba (Province)$xHistory$y19th century.
=651  \0$aCórdoba (Argentina : Province)$xHistory$y18th century.
=651  \0$aCórdoba (Argentina : Province)$xHistory$y19th century.
=852  41$aBritish Library$bHMNTS$jYF.2018.a.4741
=856  41$uhttp://core.cambeiro.com.ar/0-180922-2.pdf
=CAT  \\$a6503$b40$c20180209$lBLL01$h1348
=CAT  \\$a11131$b40$c20180319$lBLL01$h0822
=FIN  \\$aY$d20180319
=FMT  \\$a  BK
=LAS  \\$a11131$b40$c20180319$lBLL01$h0822
=SRC  \\$aBLL02

