=LDR  01431cam a2200409 i 4500
=001  018738672
=003  Uk
=005  20180620142751.0
=008  170531s2017\\\\ag\\\\\\\b\\\\000\0dspa\d
=010  \\$a  2017371335
=020  \\$a9789876842754
=035  \\$a(AR-BaFGC)0-187708/0
=035  \\$a(OCoLC) 988716604
=040  \\$aAR-BaFGC$beng$cAR-BaFGC$dDLC$dUk$erda
=042  \\$aukblderived
=043  \\$as-ag---
=050  00$aHD9839.N44$bP378 2017
=100  1\$aMorales, Víctor Hugo,$d1947-$eauthor.
=245  10$aPapel Prensa :$bel grupo de tareas : medios, jueces y militares en la mayor estafa del país /$cVíctor Hugo Morales.
=264  \1$aBuenos Aires, Argentina :$bColihue,$c[2017]
=300  \\$a254 pages ;$c22 cm
=336  \\$atext$2rdacontent
=337  \\$aunmediated$2rdamedia
=338  \\$avolume$2rdacarrier
=504  \\$aIncludes bibliographical references.
=610  20$aPapel Prensa (Firm)$xCorrupt practices.
=650  \0$aNewsprint industry$xCorrupt practices$zArgentina.
=651  \0$aArgentina$xPolitics and government$y1955-
=852  41$aBritish Library$bHMNTS$jYF.2018.a.10390
=856  41$uhttp://core.cambeiro.com.ar/0-187708-0.pdf
=CAT  \\$a6503$b40$c20180209$lBLL01$h1411
=CAT  \\$a10904$b40$c20180620$lBLL01$h1427
=CAT  \\$aW2308-1659$c20230923$lBLL01$h0955
=FIN  \\$aY$d20180620
=FMT  \\$a  BK
=LAS  \\$aW2308-1659$b00$c20230923$lBLL01$h0955
=SRC  \\$aBLL02

