=LDR  01504cam a2200433 i 4500
=001  018738674
=003  Uk
=005  20180416134617.0
=008  170804s2017\\\\ag\\\\\\\b\\\\000\0\spa\d
=010  \\$a  2017372098
=020  \\$a9789504956853
=035  \\$a(AR-BaFGC)0-188301/0
=035  \\$a(OCoLC) 1000341220
=040  \\$aAR-BaFGC$beng$cAR-BaFGC$dDLC$dUk$erda
=042  \\$aukblderived
=043  \\$as-ag---
=050  00$aF2832$b.R625 2017
=100  1\$aRobledo, Juan Agustín,$d1978-$eauthor.
=245  10$aFelices pascuas :$bbreve historia de los carapintadas /$cJuan Agustín Robledo.
=264  \1$aC.A.B.A. :$bPlaneta,$c[2017]
=300  \\$a197 pages ;$c23 cm
=336  \\$atext$2rdacontent
=337  \\$aunmediated$2rdamedia
=338  \\$avolume$2rdacarrier
=500  \\$aPublished in Buenos Airs.
=504  \\$aIncludes bibliographical references (pages 187-191).
=610  10$aArgentina.$bEjército$xHistory$y20th century.
=650  \0$aCarapintada Upraising, Argentina, 1990.
=651  \0$aArgentina$xMilitary policy$xHistory$y20th century.
=651  \0$aArgentina$xPolitics and government$y1983-2002.
=852  41$aBritish Library$bHMNTS$jYF.2018.a.6577
=856  41$uhttp://core.cambeiro.com.ar/0-188301-0.pdf
=CAT  \\$a6503$b40$c20180209$lBLL01$h1413
=CAT  \\$a10904$b40$c20180416$lBLL01$h1346
=CAT  \\$aW2308-1659$c20230923$lBLL01$h0955
=FIN  \\$aY$d20180416
=FMT  \\$a  BK
=LAS  \\$aW2308-1659$b00$c20230923$lBLL01$h0955
=SID  \\$aZ39$bLOC

