=LDR  01437cam a2200409 i 4500
=001  018738677
=003  Uk
=005  20181102085135.0
=008  170815s2017\\\\ag\af\\\\b\\\\000\0\spa\d
=010  \\$a  2017372082
=020  \\$a9789877351637
=035  \\$a(AR-BaFGC)0-188717/0
=035  \\$a(OCoLC) 1001323140
=040  \\$aAR-BaFGC$beng$cAR-BaFGC$dDLC$dUk$erda
=042  \\$aukblderived
=043  \\$as-ag---
=050  00$aF2849$b.V33 2017
=100  1\$aVallejos, Soledad,$eauthor.
=245  10$aOlivos :$bla intimidad jamás contada de la política argentina /$cSoledad Vallejos.
=264  \1$aBuenos Aires :$bAguilar,$c[2017]
=300  \\$a270 pages, 16 unnumbered pages of plates :$bilustrations (some color) ;$c23 cm
=336  \\$atext$2rdacontent
=337  \\$aunmediated$2rdamedia
=338  \\$avolume$2rdacarrier
=504  \\$aIncludes bibliographical references (pages 263-268).
=650  \0$aPresidents$zArgentina$xHomes and haunts.
=650  \0$aDwellings$zArgentina$zOlivos$xHistory.
=651  \0$aArgentina$xPolitics and government$y1943-
=852  41$aBritish Library$bHMNTS$jYF.2018.a.18962
=856  41$uhttp://core.cambeiro.com.ar/0-188717-0.pdf
=CAT  \\$a6503$b40$c20180209$lBLL01$h1414
=CAT  \\$a10904$b40$c20181102$lBLL01$h0851
=CAT  \\$aW2308-1659$c20230923$lBLL01$h0955
=FIN  \\$aY$d20181102
=FMT  \\$a  BK
=LAS  \\$aW2308-1659$b00$c20230923$lBLL01$h0955
=SRC  \\$aBLL02

