=LDR  01647 am a2200433 i 4500
=001  018977600
=003  Uk
=005  20181101114533.0
=008  170626s2017\\\\ag\a\\\\\b\\\\000\0\spa\d
=010  \\$a  2017371715
=020  \\$a9789871555802
=035  \\$a(AR-BaFGC)0-187473/0
=035  \\$a(OCoLC) 992468153
=040  \\$aAR-BaFGC$beng$cAR-BaFGC$dDLC$dUk$erda
=042  \\$aukblderived
=043  \\$as-ag---
=050  00$aRA984.A74$bB8485 2017
=100  1\$aVisillac, Enrique F.,$eauthor.
=245  10$aPioneros de la salud :$bhistoria de los hospitales públicos de la ciudad de Buenos Aires /$cEnrique F. Visillac ; edición: Lic. Daniela Visillac ; asistencia al autor: Ed. Dulciné Alvarez.
=264  \1$aCABA :$bOlmo Ediciones,$c[2017]
=300  \\$a361 pages :$billustrations ;$c23 x 30 cm
=336  \\$atext$2rdacontent
=337  \\$aunmediated$2rdamedia
=338  \\$avolume$2rdacarrier
=500  \\$aPlace of publication: Buenos Aires, Argentina.
=504  \\$aIncludes bibliographical references (pages 347-360).
=650  \0$aPublic hospitals$zArgentina$zBuenos Aires$xHistory.
=650  \0$aPublic hospitals$zArgentina$zBuenos Aires$xHistory$vPictorial works.
=700  1\$aVisillac, Daniela,$eeditor.
=852  41$aBritish Library$bHMNTS$jLF.31.a.6212
=856  41$uhttp://core.cambeiro.com.ar/0-187473-0.pdf
=CAT  \\$a9518$b40$c20180716$lBLL01$h1108
=CAT  \\$aBATCH-UPD$b40$c20181020$lBLL01$h1739
=CAT  \\$a10904$b40$c20181101$lBLL01$h1144
=CAT  \\$a10904$b40$c20181101$lBLL01$h1145
=FIN  \\$aY$d20181101
=FMT  \\$a  BK
=LAS  \\$a10904$b40$c20181101$lBLL01$h1145
=SRC  \\$aBLL02

