=LDR  01877cam a2200445 i 4500
=001  018977614
=003  Uk
=005  20181023154843.0
=008  170808s2016\\\\ag\a\\\\\b\\\\000\0\spa\d
=010  \\$a  2017372095
=020  \\$a9789873840401
=035  \\$a(AR-BaFGC)0-188808/1
=035  \\$a(OCoLC) 1000329139
=040  \\$aAR-BaFGC$beng$cAR-BaFGC$dDLC$dUk$erda
=042  \\$aukblderived
=043  \\$as-ag---
=050  00$aHQ1534.C67$bS25 2016
=100  1\$aSalvatierra, Silvio Carlos Alberto,$eauthor.
=245  10$aMujeres afrodescendientes en Córdoba :$besclavitud, libertad y servidumbre : siglo XIX /$cSilvio Carlos Alberto Salvatierra.
=264  \1$aCórdoba, Argetnina :$bAsociación Cooperadora de la Facultad de Ciencias Económicas de la U.N.C.,$c[2016]
=300  \\$a191 pages :$billustrations ;$c21 cm.
=336  \\$atext$2rdacontent
=337  \\$aunmediated$2rdamedia
=338  \\$avolume$2rdacarrier
=490  0\$aColección Rojo y Negro
=500  \\$aErrata slip inserted.
=500  \\$a"Trabajo final de la Tecnicatura Superior en Culturas y Lenguas Aborígenes. Instituto Superior de Culturas y Lenguas Aborígenes, 2016.".
=504  \\$aIncludes bibliographical references (pages 181-190).
=650  \0$aWomen, Black$zArgentina$zCórdoba (Province)$xSocial conditions$y19th century.
=650  \0$aEnslaved women$zArgentina$zCórdoba (Province)$xHistory$y19th century.
=650  \0$aWomen household employees$zArgentina$zCórdoba (Province)$xHistory$y19th century.
=852  41$aBritish Library$bHMNTS$jYF.2018.a.18362
=856  41$uhttp://core.cambeiro.com.ar/0-188808-1.pdf
=CAT  \\$a9518$b40$c20180716$lBLL01$h1115
=CAT  \\$a11002$b40$c20181023$lBLL01$h1548
=CAT  \\$a11249$b40$c20230606$lBLL01$h1222
=FIN  \\$aY$d20181023
=FMT  \\$a  BK
=LAS  \\$a11249$b40$c20230606$lBLL01$h1222
=SRC  \\$aBLL02

