=LDR  01794cam a2200481 i 4500
=001  018977616
=003  Uk
=005  20221124121745.0
=008  170929s2017\\\\ag\af\\\\b\\\|0|0\0|spa\d
=010  \\$a2017372602  
=020  \\$a9789870297772
=035  \\$a(AR-BaFGC)0-188326/0
=035  \\$a(OCoLC) 1005496892
=040  \\$aAR-BaFGC$beng$cAR-BaFGC$dDLC$dUk$erda
=042  \\$aukblsr
=043  \\$as-ag---
=050  00$aGC84.2.A8$bM55 2017
=100  1\$aMilia, Juan Guillermo,$eauthor.
=245  10$a¡La última frontera! :$bun verdadero logro nacional : Argentina amplía su plataforma un 35% : y afirmó sus derechos sobre Malvinas, Islas Australes y Península Antártica /$cJuan Guillermo Milia.
=264  \1$aBuenos Aires :$bEditorial Dunken,$c2017.
=300  \\$a137 pages, 1 unnumbered page of plates :$billustrations (colour) ;$c23 cm.
=336  \\$atext$2rdacontent
=337  \\$aunmediated$2rdamedia
=338  \\$avolume$2rdacarrier
=504  \\$aIncludes bibliographical references (pages 131-133).
=650  \0$aContinental margins$zArgentina.
=852  41$aBritish Library$bHMNTS$jYF.2022.a.5338
=856  41$uhttp://core.cambeiro.com.ar/0-188326-0.pdf
=BUF  2\$aN2$d20181023
=CAT  \\$a9518$b40$c20180716$lBLL01$h1118
=CAT  \\$a11002$b40$c20181023$lBLL01$h1448
=CAT  \\$a11056$b40$c20220330$lBLL01$h0855
=CAT  \\$a7483$b40$c20221031$lBLL01$h1340
=CAT  \\$a7483$b40$c20221031$lBLL01$h1618
=CAT  \\$aBATCH-BUOC$b00$c20221103$lBLL01$h2116
=CAT  \\$aBATCH-UPD$b00$c20221103$lBLL01$h2210
=CAT  \\$a7483$b40$c20221124$lBLL01$h1217
=CAT  \\$aW2308-1659$c20230923$lBLL01$h0957
=FIN  \\$aY$d20221031
=FMT  \\$a  BK
=LAS  \\$aW2308-1659$b00$c20230923$lBLL01$h0957
=SID  \\$aZ39$bOCLC
=SRC  \\$aBLL02

