=LDR  01500cam a2200421 i 4500
=001  018983157
=003  Uk
=005  20181102072435.0
=008  170918e201709\\ag\a\\\\\b\\\\000\0\spa\d
=010  \\$a  2017372445
=020  \\$a9789874588890
=035  \\$a(AR-BaFGC)0-188912/0
=035  \\$a(OCoLC) 1004576709
=040  \\$aAR-BaFGC$beng$cAR-BaFGC$dDLC$dUk$erda
=042  \\$aukblderived
=043  \\$as-ag---
=050  00$aF2849.3$b.I34 2017
=100  1\$aIglesias, Fernando A.,$eauthor.
=245  13$aEl año que vivimos en peligro / :$bcómo sobrevivió el gobierno de Cambiemos al Club del Helicóptero /$cFernando A. Iglesias.
=264  \1$aCABA :$bMargen Izquierdo,$c[2017]
=300  \\$a394 pages :$billustrations ;$c23 cm
=336  \\$atext$2rdacontent
=337  \\$aunmediated$2rdamedia
=338  \\$avolume$2rdacarrier
=500  \\$aPublished in Buenos Aires.
=504  \\$aIncludes bibliographical references (pages 381-388).
=610  20$aCambiemos (Political coalition : Argentina)
=650  \0$aOpposition (Political science)$zArgentina.
=651  \0$aArgentina$xPolitics and government$y2002-
=852  41$aBritish Library$bHMNTS$jYF.2018.a.18963
=856  41$uhttp://core.cambeiro.com.ar/0-188912-0.pdf
=CAT  \\$a9518$b40$c20180720$lBLL01$h1530
=CAT  \\$a10904$b40$c20181102$lBLL01$h0724
=CAT  \\$aW2308-1659$c20230923$lBLL01$h0957
=FIN  \\$aY$d20181102
=FMT  \\$a  BK
=LAS  \\$aW2308-1659$b00$c20230923$lBLL01$h0957
=SID  \\$aZ39$bLOC

