=LDR  01633 am a2200421 i 4500
=001  018983159
=003  Uk
=005  20190214105048.0
=008  160718s2015\\\\ag\a\\\\\b\\\\000\0dspa\d
=010  \\$a  2016366210
=020  \\$a9789873972102
=035  \\$a(AR-BaFGC)0-182415/0
=040  \\$aAR-BaFGC$beng$cAR-BaFGC$dDLC$dUk$erda
=042  \\$aukblderived
=043  \\$as-ag---
=050  00$aHQ799.A72$bE874 2015
=100  1\$aCohen Arazi, Daniela,$d1990-$eauthor.
=245  10$aJóvenes a cielo abierto :$bconstrucción de identidades juveniles a diez años del proceso No a la Mina en la ciudad de Esquel /$cDaniela Cohen Arazi.
=264  \1$aLa Plata [Argentina] :$bMalisia Editorial,$c[2015]
=300  \\$a208 pages :$b1 illustration ;$c21 cm
=336  \\$atext$2rdacontent
=337  \\$aunmediated$2rdamedia
=338  \\$avolume$2rdacarrier
=500  \\$aOriginally presented as the author's thesis (licenciate--Universidad Nacional de La Plata).
=504  \\$aIncludes bibliographical references (pages 205-208).
=610  20$aNo a la Mina.
=650  \0$aYouth$xPolitical activity$zArgentina$zEsquel.
=650  \0$aIdentity (Psychology) in youth$zArgentina$zEsquel.
=650  \0$aMineral industries$xEnvironmental aspects$zArgentina$zEsquel.
=650  \0$aYouth$zArgentina$zEsquel$vInterviews.
=852  41$aBritish Library$bHMNTS$jYF.2019.a.3169
=856  41$uhttp://core.cambeiro.com.ar/0-182415-0.pdf
=CAT  \\$a9518$b40$c20180720$lBLL01$h1535
=CAT  \\$a11002$b40$c20190214$lBLL01$h1050
=FIN  \\$aY$d20190214
=FMT  \\$a  BK
=LAS  \\$a11002$b40$c20190214$lBLL01$h1050
=SRC  \\$aBLL02

