=LDR  01523 am a2200409 i 4500
=001  018983170
=003  Uk
=005  20190221084832.0
=008  170403s2016\\\\ag\a\\\\\b\\\\000\0\spa\d
=010  \\$a  2017371111
=020  \\$a9789875748002
=035  \\$a(AR-BaFGC)0-181661/4
=035  \\$a(OCoLC) 983210529
=040  \\$aAR-BaFGC$beng$cAR-BaFGC$dDLC$dUk$erda
=042  \\$aukblcatcopy
=043  \\$acl-----
=050  00$aPQ7081.A1$bP44 2016
=100  1\$aPeluffo, Ana,$eauthor.
=245  10$aEn clave emocional :$bcultura y afecto en América Latina /$cAna Peluffo.
=264  \1$aBuenos Aires, Argentina :$bPrometeo Libros,$c[2016]
=300  \\$a196 pages :$billustrations ;$c23 cm.
=336  \\$atext$2rdacontent
=337  \\$aunmediated$2rdamedia
=338  \\$avolume$2rdacarrier
=490  0\$aPensamiento contemporáneo
=500  \\$a"Algunos fragmentos de los capítulos que aparecen en este libro fueron publicados con anterioridad en revistas especializadas del campo y volúmenes editados"--Page 11.
=504  \\$aIncludes bibliographical references (pages 173-196).
=650  \0$aLatin American literature$xHistory and criticism.
=650  \0$aAffect (Psychology)$zLatin America.
=852  41$aBritish Library$bHMNTS$jYF.2019.a.3643
=856  41$uhttp://core.cambeiro.com.ar/0-181661-4.pdf
=CAT  \\$a9518$b40$c20180720$lBLL01$h1547
=CAT  \\$a11002$b40$c20190221$lBLL01$h0848
=FIN  \\$aY$d20190221
=FMT  \\$a  BK
=LAS  \\$a11002$b40$c20190221$lBLL01$h0848
=SRC  \\$aBLL02

