=LDR  01696 am a2200421 i 4500
=001  018983172
=003  Uk
=005  20181101131502.0
=008  171101s2017\\\\ag\a\\\\\b\\\s001\0\spa\d
=010  \\$a  2017372579
=020  \\$a9789507932670
=035  \\$a(AR-BaFGC)0-188160/9
=035  \\$a(OCoLC) 1009000653
=040  \\$aAR-BaFGC$beng$cAR-BaFGC$dDLC$dUk$erda
=042  \\$aukblderived
=043  \\$as-ag---
=050  00$aF2821.1.T8$bA74 2017
=100  1\$aArenas, Patricia,$eauthor.
=245  14$aLas comunidades indígenas :$betnoterritorios, prácticas y saberes ancestrales /$cPatricia Arenas y Víctor Ataliva.
=264  \1$a[Argentina] :$bEdiciones Imago Mundi, :$bEnte Provincial Bicentenario Tucumán 2016, Gobierno de Tucumán :$bConsejo Federal de Inversiones,$c[2017]
=300  \\$axxxiv, 213 pages :$billustrations ;$c22 cm.
=336  \\$atext$2rdacontent
=337  \\$aunmediated$2rdamedia
=338  \\$avolume$2rdacarrier
=490  0\$aColección Historias temáticas de Tucumán
=504  \\$aIncludes bibliographical references (pages 199-210) and index.
=650  \0$aIndians of South America$zArgentina$zTucumán$xHistory.
=650  \0$aIndians of South America$zArgentina$zTucumán$xEconomic conditions.
=650  \0$aIndians of South America$zArgentina$zTucumán$xSocial life and customs.
=700  1\$aAtaliva, Víctor,$eauthor.
=852  41$aBritish Library$bHMNTS$jYF.2018.a.18936
=856  41$uhttp://core.cambeiro.com.ar/0-188160-9.pdf
=CAT  \\$a9518$b40$c20180720$lBLL01$h1549
=CAT  \\$a10904$b40$c20181101$lBLL01$h1315
=FIN  \\$aY$d20181101
=FMT  \\$a  BK
=LAS  \\$a10904$b40$c20181101$lBLL01$h1315
=SRC  \\$aBLL02

