=LDR  01558 am a2200445 i 4500
=001  018983181
=003  Uk
=005  20181101103916.0
=008  171012s2017\\\\ag\af\\\\b\\\\000\0\spa\d
=010  \\$a  2017372630
=020  \\$a9789874161024
=035  \\$a(AR-BaFGC)0-168246/4
=035  \\$a(OCoLC) 1005971851
=040  \\$aAR-BaFGC$beng$cAR-BaFGC$dDLC$dUk$erda
=042  \\$aukblderived
=043  \\$as-ag---
=050  00$aHQ1532$b.B38 2017
=100  1\$aBatticuore, Graciela,$d1966-$eauthor.
=245  10$aLectoras del siglo XIX :$bimaginarios y prácticas en la Argentina /$cGraciela Batticuore.
=250  \\$aPrimera edición.
=264  \1$aBuenos Aires :$bAmpersand,$c2017.
=300  \\$a174 pages, 8 unnumbered pages of plates :$billustrations ;$c22 cm.
=336  \\$atext$2rdacontent
=337  \\$aunmediated$2rdamedia
=338  \\$avolume$2rdacarrier
=490  0\$aColección Scripta manent
=504  \\$aIncludes bibliographical references (pages 163-174).
=650  \0$aWomen$zArgentina$xIntellectual life$y19th century.
=650  \0$aWomen and literature$zArgentina$xHistory$y19th century.
=650  \0$aWomen in art.
=650  \0$aWomen in literature.
=852  41$aBritish Library$bHMNTS$jYF.2018.a.18813
=856  41$uhttp://core.cambeiro.com.ar/0-168246-4.pdf
=CAT  \\$a9518$b40$c20180720$lBLL01$h1615
=CAT  \\$a10904$b40$c20181101$lBLL01$h1039
=CAT  \\$aBATCH-UPD$b40$c20200901$lBLL01$h2313
=FIN  \\$aY$d20181101
=FMT  \\$a  BK
=LAS  \\$aBATCH-UPD$b40$c20200901$lBLL01$h2313
=SRC  \\$aBLL02

