=LDR  01760 am a2200469 i 4500
=001  018986260
=003  Uk
=005  20181102075729.0
=008  170601s2017\\\\ag\a\\\\\b\\\\000\0dspa\d
=010  \\$a  2017371338
=020  \\$a9789876842952
=035  \\$a(AR-BaFGC)0-55779/8
=035  \\$a(OCoLC) 988676398
=040  \\$aAR-BaFGC$beng$cAR-BaFGC$dDLC$dUk$erda
=042  \\$aukblderived
=043  \\$as-ag---
=050  00$aZ519.3.C67$bL34 2017
=245  00$aManuel Pampín, editor argentino :$bel artífice de Corregidor /$cJorge Lafforgue.
=250  \\$a1a edición.
=264  \1$aBuenos Aires, Argentina :$bEdiciones Colihue,$c[2017]
=300  \\$a251 pages :$billustrations ;$c22 cm.
=336  \\$atext$2rdacontent
=337  \\$aunmediated$2rdamedia
=338  \\$avolume$2rdacarrier
=490  0\$aSignos y cultura. Serie Mayor
=500  \\$aIncludes texts by Luis Alposta, Alicia Borinsky, marcela Croce, Norberto Galasso and many others, about works published by Corregidor, and their authors.
=504  \\$aIncludes bibliographical references.
=600  10$aPampín, Manuel.
=610  20$aCorregidor (Firm)
=650  \0$aPublishers and publishing$zArgentina$zBuenos Aires$xHistory.
=650  \0$aPublishers's catalogs$zArgentina$zBuenos Aires.
=650  \0$aPublishers and publishing$zArgentina$zBuenos Aires$vBiography.
=700  1\$aLafforgue, Jorge,$eeditor.
=852  41$aBritish Library$bHMNTS$jYF.2018.a.18933
=856  41$uhttp://core.cambeiro.com.ar/0-55779-8.pdf
=CAT  \\$a9518$b40$c20180723$lBLL01$h0826
=CAT  \\$aBATCH-UPD$b40$c20180723$lBLL01$h0827
=CAT  \\$a10904$b40$c20181102$lBLL01$h0757
=FIN  \\$aY$d20181102
=FMT  \\$a  BK
=LAS  \\$a10904$b40$c20181102$lBLL01$h0757
=SRC  \\$aBLL02

