=LDR  01184 am a2200361 i 4500
=001  018986269
=003  Uk
=005  20181023153836.0
=008  170515s2017\\\\ag\\\\\\\b\\\\000\0\spa\d
=010  \\$a  2017371293
=020  \\$a9789876981705
=035  \\$a(AR-BaFGC)0-187227/0
=035  \\$a(OCoLC) 987675838
=040  \\$aAR-BaFGC$beng$cAR-BaFGC$dDLC$dUk$erda
=042  \\$aukblderived
=050  00$aPQ7798.26.O78$bZ75 2017
=100  1\$aMartorell de Laconi, Susana,$eauthor.
=245  10$aAcerca de las novelas de Abel Posse /$cDra. Susana Martorell de Laconi.
=264  \1$aSalta, Argentina :$bMundo Editorial,$c[2017]
=300  \\$a186 pages ;$c22 cm
=336  \\$atext$2rdacontent
=337  \\$aunmediated$2rdamedia
=338  \\$avolume$2rdacarrier
=504  \\$aIncludes bibliographical references.
=600  10$aPosse, Abel$xCriticism and interpretation.
=852  41$aBritish Library$bHMNTS$jYF.2018.a.18361
=856  41$uhttp://core.cambeiro.com.ar/0-187227-0.pdf
=CAT  \\$a9518$b40$c20180723$lBLL01$h0833
=CAT  \\$a11002$b40$c20181023$lBLL01$h1538
=FIN  \\$aY$d20181023
=FMT  \\$a  BK
=LAS  \\$a11002$b40$c20181023$lBLL01$h1538
=SRC  \\$aBLL02

