=LDR  02513 am a2200445 i 4500
=001  018986409
=003  Uk
=005  20190129085344.0
=008  171006s2017\\\\ag\\\\\\\b\\\\000\0\spa\d
=010  \\$a  2017372629
=020  \\$a9789874549358
=035  \\$a(AR-BaFGC)0-189043/0
=035  \\$a(OCoLC) 1005970648
=040  \\$aAR-BaFGC$beng$cAR-BaFGC$dDLC$dUk$erda
=042  \\$aukblderived
=043  \\$as-ag---
=050  00$aPN1998.3.A288$bJ67 2017
=245  00$aJorge Acha :$buna eztetyka sudaka /$cGustavo Bernstein, Juan Pablo Bertazza, María Alba Bovisio, Luciana Caresani, Ezequiel Iván Duarte, Magalí Mariano, Lucas Martinelli, Marta Penhos, Pablo Piedras, Edurado A. Russo, Jorge Sala ; compilación y prólogo: Gustavo Bernstein.
=264  \1$a[Buenos Aires] :$bÍtaca,$c[2017]
=300  \\$a161 pages ;$c21 cm
=336  \\$atext$2rdacontent
=337  \\$aunmediated$2rdamedia
=338  \\$avolume$2rdacarrier
=504  \\$aIncludes bibliographical references.
=505  0\$aTaxonomía de un sudaca / por Gustavo Bernstein -- A contracorriente / por Pablo Piedras -- La escritura de los sueños / por Jorge Sala -- Jorge Acha o la poética de una representación develada / por Luciana Caresani -- El pez y los pecados en Hábeas Corpus / por Juan Pablo Bertazza -- El erotismo acuático de Hábeas corpus / por Lucas Sebastián Martinelli -- La carne y el espíritu / por Gustavo Bernstein -- Standarad : la patria revisitada / por Magalí Mariano -- Mburucuyá o los artificios de la representación / por María Alba Bovisio y Marta Penhos -- El tercer continente / por Ezequiel Iván Duarte -- La espesura del otro : Mburucuyá y el barroco americano / por Eduardo A. Russo.
=600  10$aAcha, Jorge,$d1946-1996$xCriticism and interpretation.
=650  \0$aMotion picture producers and directors$zArgentina.
=650  \0$aMotion pictures$xArgentina$y20th century$xHistory.
=700  1\$aBernstein, Gustavo,$d1966-$eeditor.
=700  12$iContainer of (work):$aAlba Bovisio, María.$tMburucuyá o los artificios de la representación.
=852  41$aBritish Library$bHMNTS$jYF.2019.a.2060
=856  41$uhttp://core.cambeiro.com.ar/0-189043-0.pdf
=CAT  \\$a9518$b40$c20180723$lBLL01$h0911
=CAT  \\$a10904$b40$c20190129$lBLL01$h0853
=CAT  \\$aBATCH-UPD$b40$c20190129$lBLL01$h0855
=CAT  \\$aBATCH-UPD$b40$c20200425$lBLL01$h0815
=FIN  \\$aY$d20190129
=FMT  \\$a  BK
=LAS  \\$aBATCH-UPD$b40$c20200425$lBLL01$h0815
=SRC  \\$aBLL02

