=LDR  01649cam a2200433 i 4500
=001  018986419
=003  Uk
=005  20190225104401.0
=008  171101s2017\\\\ag\a\\\\\b\\\\000\0\spa\d
=010  \\$a  2017372577
=020  \\$a9789873900624
=035  \\$a(AR-BaFGC)0-179375/2
=035  \\$a(OCoLC) 1009007068
=040  \\$aAR-BaFGC$beng$cAR-BaFGC$dDLC$dUk$erda
=042  \\$aukblderived
=043  \\$as-ag---
=050  00$aPN1993.5.A7$bC366 2017
=100  1\$aCañete, Claudio,$d1970-$eauthor.
=240  10$aArticles.$kSelections
=245  10$aFotogramas :$bhistoria de los cines en Paraná : públicos, salas y películas como marca cultural del siglo XX /$cClaudio Cañete.
=250  \\$aPrimera edición.
=264  \1$aParaná, Provincia de Entre Ríos, Argentina :$bEditorial Fundación La Hendija,$cinvierno de 2017.
=300  \\$a227 pages :$billustrations ;$c22 cm.
=336  \\$atext$2rdacontent
=337  \\$aunmediated$2rdamedia
=338  \\$avolume$2rdacarrier
=490  0\$aColección Testimonios
=500  \\$aPreviously published as magazine articles in Revista Análisis, Sección Cultura, 2010.
=504  \\$aIncludes bibliographical references (pages 223-225).
=650  \0$aMotion picture theaters$zArgentina$zParaná$xHistory.
=852  41$aBritish Library$bHMNTS$jYF.2019.a.3617
=856  41$uhttp://core.cambeiro.com.ar/0-179375-2.pdf
=CAT  \\$a9518$b40$c20180723$lBLL01$h0919
=CAT  \\$a10904$b40$c20190225$lBLL01$h1044
=CAT  \\$aW2308-1659$c20230923$lBLL01$h0957
=FIN  \\$aY$d20190225
=FMT  \\$a  BK
=LAS  \\$aW2308-1659$b00$c20230923$lBLL01$h0957
=SID  \\$aZ39$bLOC

