=LDR  01171 am a2200349 i 4500
=001  018986696
=003  Uk
=005  20190501093103.0
=008  161026s2016\\\\ag\\\\\\\b\\\\000\0\spa\d
=010  \\$a  2016366840
=020  \\$a9789870811350
=035  \\$a(AR-BaFGC)0-184783/0
=040  \\$aAR-BaFGC$beng$cAR-BaFGC$dDLC$dUk$erda
=042  \\$aukblderived
=050  00$aPQ7797.O293$bZ526 2016
=100  1\$aBoéchat, Susana,$eauthor.
=245  10$aSilvina Ocampo :$bmisterio y seducción /$cSusana Boéchat.
=264  \1$aCiudad Autónoma de Buenos Aires :$bDe los Cuatro Vientos,$c[2016]
=300  \\$a160 pages ;$c20 cm
=336  \\$atext$2rdacontent
=337  \\$aunmediated$2rdamedia
=338  \\$avolume$2rdacarrier
=504  \\$aIncludes bibliographical references (pages 157-160).
=600  10$aOcampo, Silvina$xCriticism and interpretation.
=852  41$aBritish Library$bHMNTS$jYF.2019.a.8326
=856  41$uhttp://core.cambeiro.com.ar/0-184783-0.pdf
=CAT  \\$a9518$b40$c20180723$lBLL01$h1535
=CAT  \\$a10904$b40$c20190501$lBLL01$h0931
=FIN  \\$aY$d20190501
=FMT  \\$a  BK
=LAS  \\$a10904$b40$c20190501$lBLL01$h0931
=SRC  \\$aBLL02

