=LDR  01612 am a2200433 i 4500
=001  018986708
=003  Uk
=005  20190116121151.0
=008  170704s2017\\\\ag\a\\\\\b\\\\000\0\spa\d
=010  \\$a  2017371694
=020  \\$a9789876914383
=035  \\$a(AR-BaFGC)0-155719/81
=035  \\$a(OCoLC) 993072141
=040  \\$aAR-BaFGC$beng$cAR-BaFGC$dDLC$dUk$erda
=042  \\$aukblcatcopy
=043  \\$as-ec---
=050  00$aBF1622.E2$bH47 2017
=100  1\$aHerrera Montero, Luis,$eauthor,$einterviewer.
=245  10$aPrácticas chamánicas y teatralidad :$buna experiencia epistémica, etnográfica e intercultural /$cLuis Herrera Montero.
=264  \1$aBuenos Aires :$bEditorial Biblos,$c[2017]
=300  \\$a411 pages :$billustrations ;$c23 cm.
=336  \\$atext$2rdacontent
=337  \\$aunmediated$2rdamedia
=338  \\$avolume$2rdacarrier
=490  0\$aInvestigaciones y ensayos
=504  \\$aIncludes bibliographical references (pages 401-411).
=650  \0$aShamanism$zEcuador$zQuito Metropolitan Area.
=650  \0$aTheater and society$zEcuador$zQuito Metropolitan Area.
=650  \0$aIntercultural communication$zEcuador$zQuito Metropolitan Area.
=650  \0$aShamans$zEcuador$zQuito Metropolitan Area$vInterviews.
=852  41$aBritish Library$bHMNTS$jYF.2019.a.803
=856  41$uhttp://core.cambeiro.com.ar/0-155719-81.pdf
=CAT  \\$a9518$b40$c20180723$lBLL01$h1550
=CAT  \\$a11002$b40$c20190116$lBLL01$h1151
=CAT  \\$a11002$b40$c20190116$lBLL01$h1211
=FIN  \\$aY$d20190116
=FMT  \\$a  BK
=LAS  \\$a11002$b40$c20190116$lBLL01$h1211
=SRC  \\$aBLL02

