=LDR  02043 am a2200433 i 4500
=001  018986711
=003  Uk
=005  20190116145741.0
=008  170421s2017\\\\ag\\\\\\\b\\\\000\0\spa\d
=010  \\$a  2017371212
=020  \\$a9789876915434
=035  \\$a(AR-BaFGC)0-64797/13
=040  \\$aAR-BaFGC$beng$cAR-BaFGC$dDLC$dUk$erda
=042  \\$aukblderived
=043  \\$as-ag---
=050  00$aP95.82.A7$bM425 2017
=245  00$aMedios en guerra :$bbalance, crítica y desguace de las políticas de comunicación 2003-2016 /$cGuillermo Mastrini, Martín Becerra, editores.
=264  \1$aBuenos Aires :$bEditorial Biblos,$c[2017]
=300  \\$a154 pages ;$c23 cm.
=336  \\$atext$2rdacontent
=337  \\$aunmediated$2rdamedia
=338  \\$avolume$2rdacarrier
=490  0\$aComunicación, medios, cultura
=504  \\$aIncludes bibliographical references.
=505  0\$aLas políticas de comunicación del kirchnerismo y la agenda pendiente / Martín Becerra y Guillermo Mastrini -- Los claroscuros de las políticas de comunicación en torno a la ley audiovisual / Santiago Marino -- Una oportunidad perdiad : la ley y los medios sin fines de lucro / Agustín Espada -- Acceso y participación de la sociedad civil : una plataforma de créditos y deudas / Lorena Retegui -- Macri y lo que sigue / Martín Becerra
=650  \0$aMass media policy$zArgentina.
=650  \0$aMass media$xLaw and legislation$zArgentina.
=651  \0$aArgentina$xPolitics and government$y2002-
=700  1\$aMastrini, Guillermo,$eeditor.
=700  1\$aBecerra, Martín,$d1968-$eeditor.
=700  12$iContainer of (work):$aBecerra, Martín,$d1968-$tPolíticas de comunicación del kirchnerismo y la agenda pendiente.
=852  41$aBritish Library$bHMNTS$jYF.2019.a.807
=856  41$uhttp://core.cambeiro.com.ar/0-64797-13.pdf
=CAT  \\$a9518$b40$c20180723$lBLL01$h1552
=CAT  \\$a11002$b40$c20190116$lBLL01$h1457
=FIN  \\$aY$d20190116
=FMT  \\$a  BK
=LAS  \\$a11002$b40$c20190116$lBLL01$h1457
=SRC  \\$aBLL02

