=LDR  01786cam a2200457 i 4500
=001  018986727
=003  Uk
=005  20181101161656.0
=008  171123s2017\\\\ag\a\\\\\b\\\\000\0dspa\d
=010  \\$a  2017372174
=020  \\$a9789874592682
=035  \\$a(AR-BaFGC)0-188051/0
=035  \\$a(OCoLC) 1013509438
=040  \\$aAR-BaFGC$beng$cAR-BaFGC$dDLC$dUk$erda
=042  \\$aukblderived
=043  \\$as-ag---$ae-fr---
=050  00$aD629.A7$bG68 2017
=100  1\$aGotta, César,$eauthor.
=245  10$aApoyo de sanidad de los argentinos a los franceses en la Primera Guerra /$cHéctor César Gotta, José Raúl Buroni, Alfredo Eugenio Buzzi, Arturo Otaño Sahoers, Ana Otaño Moreno, Mario Ruben Sanguina.
=264  \1$aCiudad Autónoma de Buenos Aires, República Argentina :$bEAB Editorial Alfredo Buzzi,$c[2017]
=300  \\$a193 pages :$billustrations ;$c24 x 26 cm
=336  \\$atext$2rdacontent
=337  \\$aunmediated$2rdamedia
=338  \\$avolume$2rdacarrier
=504  \\$aIncludes bibliographical references (pages 190-193).
=610  10$aFrance.$bArmée$xMedical care$xHistory.
=650  \0$aWorld War, 1914-1918$xMedical care$zArgentina.
=700  1\$aBuroni, José Raúl,$eauthor.
=700  1\$aBuzzi, Alfredo,$eauthor.
=700  1\$aOtaño Sahores, Arturo,$eauthor.
=700  1\$aSanguina Caballero, Mario Ruben,$eauthor.
=852  41$aBritish Library$bHMNTS$jLF.31.a.6214
=856  41$uhttp://core.cambeiro.com.ar/0-188051-0.pdf
=CAT  \\$a9518$b40$c20180723$lBLL01$h1633
=CAT  \\$a10904$b40$c20181101$lBLL01$h1400
=CAT  \\$a10804$b40$c20181101$lBLL01$h1616
=CAT  \\$aW2308-1659$c20230923$lBLL01$h0957
=FIN  \\$aY$d20181101
=FMT  \\$a  BK
=LAS  \\$aW2308-1659$b00$c20230923$lBLL01$h0957
=SRC  \\$aBLL02

