=LDR  01736 am a2200445 i 4500
=001  018986733
=003  Uk
=005  20181102081959.0
=008  170308s2017\\\\ag\\\\\\\b\\\\000\0\spa\d
=010  \\$a  2017371053
=020  \\$a9789504956037
=035  \\$a(AR-BaFGC)0-185971/0
=040  \\$aAR-BaFGC$beng$cAR-BaFGC$dDLC$dUk$erda
=042  \\$aukblderived
=043  \\$as-ag---
=050  00$aHX867$b.P47 2017
=100  1\$aPerdía, Roberto Cirilo,$eauthor.
=245  10$aTrienio en rojo y negro :$bLa Semana Trágica, las huelgas de la Patagonia, la lucha de los trabajadores de La Forestal y los anarquistas /$cRodolfo Perdía, Horacio Ricardo Silva.
=264  \1$aC.A.B.A. :$bPlaneta,$c[2017]
=300  \\$a471 pages ;$c23 cm
=336  \\$atext$2rdacontent
=337  \\$aunmediated$2rdamedia
=338  \\$avolume$2rdacarrier
=500  \\$aThe author is wrongly stated in title page as "Rodolfo Perdía."
=500  \\$aPlace of publication: Buenos Aires, Argentina.
=504  \\$aIncludes bibliographical references.
=610  20$aForestal Land, Timber and Railways Company.
=650  \0$aAnarchism$zArgentina$xHistory$y20th century.
=650  \0$aStrikes and lockouts$xAgricultural laborers$zArgentina$xHistory$y20th century.
=650  \0$aGeneral Strike, Buenos Aires, Argentina, 1919.
=651  \0$aArgentina$xPolitics and government$y1910-1943.
=700  1\$aSilva, Horacio Ricardo,$eauthor.
=852  41$aBritish Library$bHMNTS$jYF.2018.a.18958
=856  41$uhttp://core.cambeiro.com.ar/0-185971-0.pdf
=CAT  \\$a9518$b40$c20180723$lBLL01$h1641
=CAT  \\$a10904$b40$c20181102$lBLL01$h0819
=FIN  \\$aY$d20181102
=FMT  \\$a  BK
=LAS  \\$a10904$b40$c20181102$lBLL01$h0819
=SRC  \\$aBLL02

