=LDR  01413 am a2200409 i 4500
=001  018986734
=003  Uk
=005  20190116113227.0
=008  180125s2017\\\\ag\a\\\\\b\\\\000\0\spa\c
=010  \\$a  2017372242
=020  \\$a9789500759403
=020  \\$a9500759403
=035  \\$a(OCoLC)1021247657
=040  \\$aARFGC$beng$cARFGC$dCUY$dOCLCO$dOCLCF$dOCLCA$dIXA$dDLC$dUk$erda
=043  \\$as-ag---
=050  \4$aHC175$b.B3835 2017
=100  1\$aBelini, Claudio,$eauthor.
=245  10$aHistoria de la industria en la Argentina :$bde la Independencia a la crisis de 2001 /$cClaudio Belini.
=264  \1$aBuenos Aires :$bSudamericana,$c[2017]
=300  \\$a494 pages :$billustrations ;$c23 cm
=336  \\$atext$2rdacontent
=337  \\$aunmediated$2rdamedia
=338  \\$avolume$2rdacarrier
=504  \\$aIncludes bibliographical references.
=650  \0$aIndustries$zArgentina$xHistory.
=650  \7$aIndustries.$2fast$0(OCoLC)fst00971852
=651  \0$aArgentina$xEconomic policy.
=651  \7$aArgentina.$2fast$0(OCoLC)fst01205614
=655  \7$aHistory.$2fast$0(OCoLC)fst01411628
=852  41$aBritish Library$bHMNTS$jYF.2019.a.805
=856  41$uhttp://core.cambeiro.com.ar/0-123498-48.pdf
=CAT  \\$a9518$b40$c20180723$lBLL01$h1645
=CAT  \\$a11002$b40$c20190116$lBLL01$h1132
=FIN  \\$aY$d20190116
=FMT  \\$a  BK
=LAS  \\$a11002$b40$c20190116$lBLL01$h1132
=SID  \\$aZ39$bOCLC

