=LDR  01343 am a2200409 i 4500
=001  018987160
=003  Uk
=005  20190214092556.0
=008  161111e201609\\ag\\\\\\\b\\\\000\0\spa\d
=010  \\$a  2016366959
=020  \\$a9789873768088
=035  \\$a(AR-BaFGC)0-184536/0
=040  \\$aAR-BaFGC$beng$cAR-BaFGC$dDLC$dUk$erda
=042  \\$aukblderived
=050  00$aPN710$b.L49 2016
=100  1\$aLiendivit, Zenda,$d1961-$eauthor.
=240  10$aEssays.$kSelections
=245  10$aObsesiones :$bnotas sobre arte y literatura /$cZenda Liendivit.
=246  10$aNotas sobre arte y literatura
=250  \\$a1o edición.
=264  \1$a[Buenos Aires] :$bContratiempo Ediciones,$cSeptiembre 2016.
=300  \\$a180 pages ;$c21 cm
=336  \\$atext$2rdacontent
=337  \\$aunmediated$2rdamedia
=338  \\$avolume$2rdacarrier
=504  \\$aIncludes bibliographical references.
=650  \0$aLiterature, Modern$xHistory and criticism.
=650  \0$aArt, Modern$xHistory and criticism.
=650  \0$aCities and towns.
=852  41$aBritish Library$bHMNTS$jYF.2019.a.3066
=856  41$uhttp://core.cambeiro.com.ar/0-184536-0.pdf
=CAT  \\$a9518$b40$c20180724$lBLL01$h1153
=CAT  \\$a11002$b40$c20190214$lBLL01$h0925
=FIN  \\$aY$d20190214
=FMT  \\$a  BK
=LAS  \\$a11002$b40$c20190214$lBLL01$h0925
=SRC  \\$aBLL02

