=LDR  01515 am a2200421 i 4500
=001  018987196
=003  Uk
=005  20190129090139.0
=008  170809s2017\\\\ag\a\\\\\b\\\\000\0\spa\d
=010  \\$a  2017372020
=020  \\$a9789875748316
=035  \\$a(AR-BaFGC)0-152656/3
=035  \\$a(OCoLC) 1001331503
=040  \\$aAR-BaFGC$beng$cAR-BaFGC$dDLC$dUk$erda
=042  \\$aukblderived
=043  \\$as-ag---
=050  00$aF2936$b.C668 2017
=100  1\$aCoronato, Fernando,$eauthor.
=245  10$aOvejas y ovejeros en la Patagonia /$cFernando R. Coronato.
=264  \1$aBuenos Aires, Argentina :$bPrometeo Libros,$c[2017]
=300  \\$a252 pages :$billustrations ;$c23 cm.
=336  \\$atext$2rdacontent
=337  \\$aunmediated$2rdamedia
=338  \\$avolume$2rdacarrier
=490  0\$aColección de estudios patagónicos
=500  \\$aOriginally presented as the author's thesis (doctoral)--AgroParisTech, Paris, 2010.
=504  \\$aIncludes bibliographical references (pages 235-252).
=650  \0$aSheep farming$zPatagonia (Argentina and Chile)
=650  \0$aEuropeans$xColonization$zPatagonia (Argentina and Chile)
=651  \0$aPatagonia (Argentina and Chile)$xColonization.
=852  41$aBritish Library$bHMNTS$jYF.2019.a.2145
=856  41$uhttp://core.cambeiro.com.ar/0-152656-3.pdf
=CAT  \\$a9518$b40$c20180724$lBLL01$h1216
=CAT  \\$a10904$b40$c20190129$lBLL01$h0901
=FIN  \\$aY$d20190129
=FMT  \\$a  BK
=LAS  \\$a10904$b40$c20190129$lBLL01$h0901
=SRC  \\$aBLL02

