=LDR  01413 am a2200385 i 4500
=001  018987200
=003  Uk
=005  20181101111007.0
=008  160731e201604\\ag\a\\\\\\\\\\000\0\spa\d
=010  \\$a  2016366453
=035  \\$a(AR-BaFGC)0-183734/000
=040  \\$aAR-BaFGC$beng$cAR-BaFGC$dDLC$dUk$erda
=042  \\$aukblcatcopy
=043  \\$as-ag---
=050  00$aJ201$b.N3 2015
=110  1\$aArgentina.$bPresident (2011-2015 : Fernández de Kirchner)$eauthor.
=245  10$aVoluntad política y coraje :$bdiscurso pronunciado por la Dra. Cristina Fernández de Kirchner, durante la apertura de las sesiones ordinarias del Congreso de la Nación el 1 de marzo de 2015.
=250  \\$a1o edición.
=264  \1$a[Argentina] :$bEl Otro Ediciones,$c2016.
=300  \\$a96 pages :$billustrations ;$c20 cm
=336  \\$atext$2rdacontent
=337  \\$aunmediated$2rdamedia
=338  \\$avolume$2rdacarrier
=500  \\$a"001"--Spine.
=651  \0$aArgentina$xPolitics and government$y2002-
=852  41$aBritish Library$bHMNTS$jYF.2018.a.18818
=856  41$uhttp://core.cambeiro.com.ar/0-183734-0.pdf
=CAT  \\$a9518$b40$c20180724$lBLL01$h1220
=CAT  \\$aBATCH-UPD$b40$c20180724$lBLL01$h1221
=CAT  \\$a10904$b40$c20181101$lBLL01$h1109
=CAT  \\$a10904$b40$c20181101$lBLL01$h1110
=FIN  \\$aY$d20181101
=FMT  \\$a  BK
=LAS  \\$a10904$b40$c20181101$lBLL01$h1110
=SRC  \\$aBLL02

