=LDR  01340cam a2200421 i 4500
=001  018987227
=003  Uk
=005  20190501105653.0
=008  170803s2017\\\\sp\\\\\\\\\\\\000\0\spa\d
=010  \\$a  2017371899
=020  \\$a9789876277723
=035  \\$a(AR-BaFGC)0-188544/0
=035  \\$a(OCoLC) 999437703
=040  \\$aAR-BaFGC$beng$cAR-BaFGC$dDLC$dUk$erda
=042  \\$aukblderived
=043  \\$as-ag---
=050  00$aHN263.5$b.C364 2017
=100  1\$aCampolongo, Carlos,$d1947-$eauthor.
=245  10$aIndignados :$bla Argentina de todos contra todos /$cCarlos Campolongo.
=250  \\$a1a edición.
=264  \1$aBarcelona :$bEdiciones B,$c[2017]
=300  \\$a384 pages ;$c23 cm
=336  \\$atext$2rdacontent
=337  \\$aunmediated$2rdamedia
=338  \\$avolume$2rdacarrier
=650  \0$aProtest movements$zArgentina.
=650  \0$aAnger$xPolitical aspects$xArgentina.
=651  \0$aArgentina$xPolitics and government.
=852  41$aBritish Library$bHMNTS$jYF.2019.a.8316
=856  41$uhttp://core.cambeiro.com.ar/0-188544-0.pdf
=985  \\$eGC-FY17
=CAT  \\$a9518$b40$c20180724$lBLL01$h1321
=CAT  \\$a10904$b40$c20190501$lBLL01$h1056
=CAT  \\$aW2308-1659$c20230923$lBLL01$h0957
=FIN  \\$aY$d20190501
=FMT  \\$a  BK
=LAS  \\$aW2308-1659$b00$c20230923$lBLL01$h0957
=SID  \\$aZ39$bLOC

