=LDR  01612cam a2200481 i 4500
=001  018987230
=003  Uk
=005  20220616211530.0
=008  171003s2017\\\\ag\\\\\\\\\\\\000\0dspa\d
=010  \\$a2017372608  
=020  \\$a9789504960164
=035  \\$a(AR-BaFGC)0-646/223
=035  \\$a(OCoLC) 1005479339
=040  \\$aAR-BaFGC$beng$cAR-BaFGC$dDLC$dUk$erda
=042  \\$aukblsr
=043  \\$as-ag---
=050  00$aF2849.33.M33$bL56 2017
=100  1\$aLindner, Franco,$d1973-$eauthor.
=245  13$aLa cabeza de Macri :$bcómo piensa, vive y manda el primer presidente de la no política /$cFranco Lindner.
=264  \1$aC.A.B.A. :$bPlaneta,$c[2017].
=300  \\$a388 pages ;$c23 cm.
=336  \\$atext$2rdacontent
=337  \\$aunmediated$2rdamedia
=338  \\$avolume$2rdacarrier
=490  0\$aEspejo de la Argentina
=600  10$aMacri, Mauricio$xPsychology
=650  \0$aPresidents$zArgentina$vBiography.
=651  \0$aArgentina$xPolitics and government$y2002-
=852  41$aBritish Library$bHMNTS$jYF.2021.a.17621
=856  41$uhttp://core.cambeiro.com.ar/0-646-223.pdf
=BUF  2\$aN2$d20181023
=CAT  \\$a9518$b40$c20180724$lBLL01$h1329
=CAT  \\$a11002$b40$c20181023$lBLL01$h1201
=CAT  \\$a8122$b40$c20211212$lBLL01$h0834
=CAT  \\$a7483$b40$c20220613$lBLL01$h1117
=CAT  \\$aBATCH-BUOC$b00$c20220616$lBLL01$h2115
=CAT  \\$aBATCH-UPD$b00$c20220616$lBLL01$h2117
=CAT  \\$aW2308-1659$c20230923$lBLL01$h0957
=FIN  \\$aY$d20220613
=FMT  \\$a  BK
=LAS  \\$aW2308-1659$b00$c20230923$lBLL01$h0957
=SID  \\$aZ39$bOCLC
=SRC  \\$aBLL02

