=LDR  02828 am a2200685 i 4500
=001  019063667
=003  Uk
=005  20181129134158.0
=008  170713s2016\\\\py\a\\\\\bq\\\000\0dspa\d
=020  \\$a9789995309510
=020  \\$a9995309513
=035  \\$a(OCoLC)993632941
=040  \\$aIQU$beng$cIQU$dIQU$dNOC$dPIT$dGUA$dOCLCA$dOCLCF$dUk$erda
=042  \\$aukblderived
=043  \\$as-py---
=050  00$aPN1997.2.H36$bM34 2016
=100  1\$aMagariños, Alejo,$d1981-$eauthor.
=245  13$aLa cámara sin ley :$bHamaca paraguaya y la refundación globalizada del cine guaraní /$cAlejo Magariños.
=264  \1$aAsunción, Paraguay :$bServi Libro,$c2016.
=300  \\$a288 pages :$billustrations (some color) ;$c22 cm
=336  \\$atext$2rdacontent
=337  \\$aunmediated$2rdamedia
=338  \\$avolume$2rdacarrier
=500  \\$a"Universidad del Cine 2015".
=500  \\$a"Inventario del cine en Paraguay": pages 193-214.
=500  \\$a"Los premios internacionales del cine paraguayo": pages 215-223.
=500  \\$a"Comentarios Making of "Hamaca paraguaya", edición DVD MALBA. cine": pages 224-230.
=500  \\$a"Descripción detallada de "Hamaca paraguaya": pages 231-249.
=500  \\$a"Datos estadísticos taquilla en Paraguay - Ultracine": page [250].
=500  \\$a"Biografía de Paz Encina": pages 251-254.
=500  \\$a"Entrevista a Ilse Hughan, Buenos Aires, enero de 2013": pages 255-265.
=500  \\$a"Entrevista a Lita Stantic, Buenos Aires, enero de 2013": pages 266-278.
=504  \\$aIncludes bibliographical references (pages 279-288).
=600  10$aEncina, Paz.
=600  10$aHughan, Ilse.
=600  10$aStantic, Lita.
=600  17$aEncina, Paz$2fast$0(OCoLC)fst01991201
=630  00$aHamaca paraguaya.
=650  \0$aMotion pictures$zParaguay.
=650  \0$aMotion pictures$zParaguay$vFilm catalogs.
=650  \0$aMotion pictures and language$zParaguay.
=650  \0$aGuarani language$zParaguay.
=650  \7$aGuarani language.$2fast$0(OCoLC)fst00948782
=650  \7$aMotion pictures.$2fast$0(OCoLC)fst01027285
=650  \7$aMotion pictures and language.$2fast$0(OCoLC)fst01027409
=651  \7$aParaguay.$2fast$0(OCoLC)fst01205550
=655  \7$aFilm catalogs.$2fast$0(OCoLC)fst01423789
=700  1\$aHughan, Ilse,$einterviewee.
=700  1\$aStantic, Lita,$einterviewee.
=852  41$aBritish Library$bHMNTS$jYF.2018.a.20888
=856  41$uhttp://core.cambeiro.com.ar/0-180217-0.pdf
=CAT  \\$a9518$b40$c20180926$lBLL01$h1044
=CAT  \\$aBATCH-UPD$b40$c20180926$lBLL01$h1044
=CAT  \\$a10904$b40$c20181128$lBLL01$h1117
=CAT  \\$a10904$b40$c20181128$lBLL01$h1118
=CAT  \\$a10804$b40$c20181129$lBLL01$h1341
=FIN  \\$aY$d20181128
=FMT  \\$a  BK
=LAS  \\$a10804$b40$c20181129$lBLL01$h1341
=SID  \\$aZ39$bOCLC

