=LDR  03196 am a2200421 i 4500
=001  019102318
=003  Uk
=005  20190128132752.0
=008  171101s2017\\\\ag\a\\\\\b\\\s001\0\spa\d
=010  \\$a  2017372578
=020  \\$a9789507932700
=035  \\$a(AR-BaFGC)0-188160/10
=035  \\$a(OCoLC) 1009021720
=040  \\$aAR-BaFGC$beng$cAR-BaFGC$dDLC$dUk$erda
=042  \\$aukblderived
=043  \\$as-ag---
=050  00$aLA549.T8$bC66 2017
=245  03$aLa conformación del sistema educativo en Tucumán :$bantecedentes, etapas y agentes : consensos y resistencias /$cNorma Ben Altabef (coordinadora).
=264  \1$a[Argentina] :$bEdiciones Imago Mundi :$bEnte Provincial Bicentenario Tucumán 2016, Gobierno de Tucumán :$bConsejo Federal de Inversiones,$c[2017]
=300  \\$axxxiii, 316 pages :$billustrations ;$c22 cm.
=336  \\$atext$2rdacontent
=337  \\$aunmediated$2rdamedia
=338  \\$avolume$2rdacarrier
=490  0\$aColección Historias temáticas de Tucumán
=504  \\$aIncludes bibliographical references and index.
=505  0\$aLa educación en Tucumán en los espacios rurales y urbanos desde la colonia hasta los tiempos de la organización nacional / Norma Ben Altabef -- El proceso de construcción del sistema educativo en la provincia durante la segunda mitad del siglo XIX hasta los comienzos del siglo XX / Norma Ben Altabef -- La construcción de la escolaridad en los cañaverales tucumanos : el caso de las escuelas de ingenio / Lucía Vidal Sanz -- Entre la élite y los sectore populares el desarrollo de la educación católica en Tucumán a fines del siglo XIX y principios del siglo XX / Alejandra Landaburu -- Reformas educativas, construcción y reconstrucción de ciuddanía en las escuelas primarias y secundarias tucumanas : continuidades y cambios entre 1916 y 1955 / Marta Barbieri Guardia -- ATEP y los trabajadores de la educación en Tucumán : organización y luchas en tiempos de transformación social, 1949-1976 / Antonio Ramos Ramírez -- De la pedagogía tecnocrática a la pedagogía de la liberación : la educación en tiempos de inestibilidad política (1955-1976) / Daniela Wieder y Lucila D. Ragone -- Educación y dictadura en Tucumán 1976-1983 / Daniel Antonio Jiménez -- Dos momentos de la educación en la provincia : la transición a la democracia y el avance neoliberal de la década de 1990 : cambios, continuidades e idearios en pugna / Sandra María Eva Márquez y Norma Ben Altabef.
=650  \0$aEducation$zArgentina$zTucumán$xHistory.
=650  \0$aEducation and state$zArgentina$zTucumán$xHistory.
=700  1\$aAltabef, Norma Ben,$eeditor.
=700  12$iContainer of (work):$aAltabef, Norma Ben.$tProceso de construcción del sistema educativo en la provincia durante la segunda mitad del siglo XIX hasta los comienzos del siglo XX.
=852  41$aBritish Library$bHMNTS$jYF.2019.a.2141
=856  41$uhttp://core.cambeiro.com.ar/0-188160-10.pdf
=CAT  \\$a9518$b40$c20181030$lBLL01$h1617
=CAT  \\$a10904$b40$c20190128$lBLL01$h1327
=FIN  \\$aY$d20190128
=FMT  \\$a  BK
=LAS  \\$a10904$b40$c20190128$lBLL01$h1327
=SRC  \\$aBLL02

