=LDR  01712 am a2200469 i 4500
=001  019102320
=003  Uk
=005  20190328114736.0
=008  180109s2017\\\\ag\\\\\\\b\\\\000\0dspa\d
=010  \\$a  2017372240
=020  \\$a9789500759809
=020  \\$a9500759802
=035  \\$a(OCoLC)1021254638
=040  \\$aAR-BaFGC$beng$cDLC$dCUY$dCGU$dOCLCF$dIXA$dARFGC$dUk$erda
=042  \\$aukblderived
=043  \\$as-ag---$ae-ur---
=050  00$aF2848$b.C179 2017
=100  1\$aCamarero, Hernán,$eauthor.
=245  10$aTiempos rojos :$bel impacto de la Revolución Rusa en la Argentina /$cHernán Camarero.
=264  \1$aBuenos Aires :$bSudamericana,$c[2017]
=300  \\$a335 pages ;$c23 cm
=336  \\$atext$2rdacontent
=337  \\$aunmediated$2rdamedia
=338  \\$avolume$2rdacarrier
=504  \\$aIncludes bibliographical references (pages 303-327).
=611  27$aRevolution (Soviet Union : 1917-1921)$2fast$0(OCoLC)fst01907572
=648  \7$a1910-1943$2fast
=650  \7$aPress coverage.$2fast$0(OCoLC)fst01198921
=650  \7$aInfluence (Literary, artistic, etc.)$2fast$0(OCoLC)fst00972484
=651  \0$aArgentina$xHistory$y1910-1943.
=651  \0$aSoviet Union$xHistory$yRevolution, 1917-1921$xInfluence.
=651  \7$aArgentina.$2fast$0(OCoLC)fst01205614
=651  \7$aSoviet Union.$2fast$0(OCoLC)fst01210281
=655  \7$aHistory.$2fast$0(OCoLC)fst01411628
=852  41$aBritish Library$bHMNTS$jYF.2019.a.6316
=856  41$uhttp://core.cambeiro.com.ar/0-123498-46.pdf
=CAT  \\$a9518$b40$c20181030$lBLL01$h1620
=CAT  \\$a11002$b40$c20190328$lBLL01$h1147
=FIN  \\$aY$d20190328
=FMT  \\$a  BK
=LAS  \\$a11002$b40$c20190328$lBLL01$h1147
=SID  \\$aZ39$bOCLC

