=LDR  01519 am a2200433 i 4500
=001  019102326
=003  Uk
=005  20190129081823.0
=008  170808s2017\\\\ag\a\\\\\b\\\\000\0dspa\d
=010  \\$a  2017372009
=020  \\$a9789873864599
=035  \\$a(AR-BaFGC)0-154500/32
=035  \\$a(OCoLC) 1000375624
=040  \\$aAR-BaFGC$beng$cAR-BaFGC$dDLC$dUk$erda
=042  \\$aukblderived
=043  \\$as-ag---
=050  00$aF2936$b.R77 2017
=100  1\$aRuffini, Martha,$eauthor.
=245  13$aLa Patagonia mirada desde arriba :$bel Grupo Braun-Menéndez Behety y la Revista Argentina Austral (1929 - 1967) /$cMartha Ruffini.
=264  \1$aRosario :$bProhistoria Ediciones,$c2017.
=300  \\$a196 pages :$billustrations ;$c23 cm.
=336  \\$atext$2rdacontent
=337  \\$aunmediated$2rdamedia
=338  \\$avolume$2rdacarrier
=490  0\$aColección Historia argentina ;$v30
=500  \\$aPublished in Rosario, Santa Fe, Argentina.
=504  \\$aIncludes bibliographical references.
=600  30$aBraun-Menéndez Behety family.
=610  20$aSAIEP (Firm)
=630  00$aArgentina austral.
=651  \0$aPatagonia (Argentina and Chile)$xPolitics and government$y20th century.
=852  41$aBritish Library$bHMNTS$jYF.2019.a.2072
=856  41$uhttp://core.cambeiro.com.ar/0-154500-32.pdf
=CAT  \\$a9518$b40$c20181030$lBLL01$h1638
=CAT  \\$a10904$b40$c20190129$lBLL01$h0818
=FIN  \\$aY$d20190129
=FMT  \\$a  BK
=LAS  \\$a10904$b40$c20190129$lBLL01$h0818
=SRC  \\$aBLL02

