=LDR  01617 am a2200433 i 4500
=001  019104528
=003  Uk
=005  20190129074508.0
=008  160830e201606\\ag\af\\\\b\\\\000\0\spa\d
=010  \\$a  2016366812
=020  \\$a9789502325668
=035  \\$a(AR-BaFGC)0-180125/14
=040  \\$aAR-BaFGC$beng$cAR-BaFGC$dDLC$dUk$erda
=042  \\$aukblderived
=043  \\$as-ag---
=050  00$aPN2193.E86$bK675 2016
=100  10$aKostzer, Kado,$eauthor.
=245  13$aLa generación Di Tella y otras intoxicaciones /$cKado Kostzer.
=250  \\$aPrimera edición.
=264  \1$aCiudad de Buenos Aires :$bEudeba :$bProteatro, Ministerio de Cultura, GCBA,$cjunio de 2016.
=300  \\$a404 pages, 16 unnumbered pages of plates :$billustrations ;$c23 cm.
=336  \\$atext$2rdacontent
=337  \\$aunmediated$2rdamedia
=338  \\$avolume$2rdacarrier
=490  0\$aColección Biblioteca Proteatro
=490  0\$aHistoria de las artes escénicas
=504  \\$aIncludes bibliographical references (pages 401-404).
=600  10$aKostzer, Kado.
=610  20$aCentro de Experimentación Audiovisual (Instituto Torcuato Di Tella)
=650  \0$aExperimental theater$zArgentina$zBuenos Aires$xHistory$y20th century.
=651  \0$aBuenos Aires (Argentina)$xIntellectual life$y20th century.
=852  41$aBritish Library$bHMNTS$jYF.2019.a.2005
=856  41$uhttp://core.cambeiro.com.ar/0-180125-14.pdf
=CAT  \\$a6503$b40$c20181031$lBLL01$h1446
=CAT  \\$a10904$b40$c20190129$lBLL01$h0745
=FIN  \\$aY$d20190129
=FMT  \\$a  BK
=LAS  \\$a10904$b40$c20190129$lBLL01$h0745
=SRC  \\$aBLL02

