=LDR  01205 am a2200385 i 4500
=001  019104569
=003  Uk
=005  20190215083525.0
=008  161115s2016\\\\ag\\\\\\\b\\\\000\0aspa\d
=010  \\$a  2016366797
=020  \\$a9789500754934
=035  \\$a(AR-BaFGC)0-122437/78
=040  \\$aAR-BaFGC$beng$cAR-BaFGC$dDLC$dUk$erda
=042  \\$aukblderived
=043  \\$as-ag---
=050  00$aPQ7798.1.G814$bZ466 2016
=100  1\$aAguinis, Marcos,$eauthor.
=245  13$aLa novela de mi vida /$cMarcos Aguinis.
=264  \1$aBuenos Aires :$bSudamericana,$c[2016]
=300  \\$a395 pages ;$c23 cm
=336  \\$atext$2rdacontent
=337  \\$aunmediated$2rdamedia
=338  \\$avolume$2rdacarrier
=504  \\$aIncludes Aguinis' bibliography (pages 393-395.
=600  10$aAguinis, Marcos.
=650  \0$aAuthors, Argentine$vBiography.
=852  41$aBritish Library$bHMNTS$jYF.2019.a.3053
=856  41$uhttp://core.cambeiro.com.ar/0-122437-78.pdf
=CAT  \\$a6503$b40$c20181031$lBLL01$h1553
=CAT  \\$a11002$b40$c20190215$lBLL01$h0826
=CAT  \\$a11002$b40$c20190215$lBLL01$h0835
=FIN  \\$aY$d20190215
=FMT  \\$a  BK
=LAS  \\$a11002$b40$c20190215$lBLL01$h0835
=SRC  \\$aBLL02

