=LDR  01561 am a2200457 i 4500
=001  019104570
=003  Uk
=005  20190128114242.0
=008  170721s2017\\\\ag\\\\\\\\\\\\000\0dspa\d
=010  \\$a  2017372001
=020  \\$a9789508602930
=035  \\$a(AR-BaFGC)0-188319/0
=035  \\$a(OCoLC) 995878137
=040  \\$aAR-BaFGC$beng$cAR-BaFGC$dDLC$dUk$erda
=042  \\$aukblderived
=043  \\$as-ag---
=050  00$aPQ7798.33.A4$bZ46 2017
=100  1\$aWalsh, Rodolfo J.,$einterviewee.
=245  14$aLes presentamos a R.J. Walsh :$bentrevistas (1954-1974) /$ccompilación, prólogo y notas, Osvaldo Aguirre.
=250  \\$aPrimera edición.
=264  \1$aBuenos Aires, Argentina :$bDLG, Desde la Gente,$c[2017]
=300  \\$a125 pages ;$c20 cm
=336  \\$atext$2rdacontent
=337  \\$aunmediated$2rdamedia
=338  \\$avolume$2rdacarrier
=500  \\$a"272"--Spine.
=500  \\$aChronology of Walsh by Osvaldo Aguirre: pages 110-125.
=600  10$aWalsh, Rodolfo J.$vInterviews.
=650  \0$aAuthors, Argentine$vInterviews.
=650  \0$aJournalists$zArgentina$vInterviews.
=650  \0$aLiterature and politics.
=700  1\$aAguirre, Osvaldo,$d1964-$eeditor.
=852  41$aBritish Library$bHMNTS$jYF.2019.a.2131
=856  41$uhttp://core.cambeiro.com.ar/0-188319-0.pdf
=CAT  \\$a6503$b40$c20181031$lBLL01$h1555
=CAT  \\$a10904$b40$c20190128$lBLL01$h1141
=CAT  \\$a10904$b40$c20190128$lBLL01$h1142
=FIN  \\$aY$d20190128
=FMT  \\$a  BK
=LAS  \\$a10904$b40$c20190128$lBLL01$h1142
=SRC  \\$aBLL02

