=LDR  01505 am a2200445 i 4500
=001  019104576
=003  Uk
=005  20190214113202.0
=008  170331e201608\\ag\a\\\\\\\\\\000\0aspa\d
=010  \\$a  2017371118
=020  \\$a9789874551962
=035  \\$a(AR-BaFGC)0-180699/2
=035  \\$a(OCoLC) 983213721
=040  \\$aAR-BaFGC$beng$cAR-BaFGC$dDLC$dUk$erda
=042  \\$aukblderived
=043  \\$as-ag---
=050  00$aPQ7798.23.A854$bZ46 2016
=100  1\$aMattoni, Silvio,$eauthor.
=245  10$aCampus /$cSilvio Mattoni.
=250  \\$aPrimera impresión industrial.
=264  \1$aLa Plata, Argentina :$bEditorial Estructura Mental a las Estrellas,$cagosto de 2016.
=300  \\$a162 pages :$billustrations ;$c22 cm.
=336  \\$atext$2rdacontent
=337  \\$aunmediated$2rdamedia
=338  \\$avolume$2rdacarrier
=490  0\$aFin de lo mismo ;$v6
=500  \\$a"Primera edición artesanal Agosto de 2014"--Title page verso.
=600  10$aMattoni, Silvio$vDiaries.
=650  \0$aAuthors, Argentine$vDiaries.
=650  \0$aAuthors, Argentine$vBiography.
=650  \0$aCollege teachers$zArgentina$vDiaries.
=650  \0$aCollege teachers$zArgentina$vBiography.
=852  41$aBritish Library$bHMNTS$jYF.2019.a.3168
=856  41$uhttp://core.cambeiro.com.ar/0-180699-2.pdf
=CAT  \\$a6503$b40$c20181031$lBLL01$h1601
=CAT  \\$a11002$b40$c20190214$lBLL01$h1132
=FIN  \\$aY$d20190214
=FMT  \\$a  BK
=LAS  \\$a11002$b40$c20190214$lBLL01$h1132
=SRC  \\$aBLL02

