=LDR  01540 am a2200409 i 4500
=001  019109299
=003  Uk
=005  20190129084314.0
=008  171003s2017\\\\ag\\\\\\\b\\\\000\0\spa\d
=010  \\$a  2017372638
=020  \\$a9789875748590
=035  \\$a(AR-BaFGC)0-156419/4
=035  \\$a(OCoLC) 1005484250
=040  \\$aAR-BaFGC$beng$cAR-BaFGC$dDLC$dUk$erda
=042  \\$aukblderived
=043  \\$as-ag---
=050  00$aHN270.N48$bA39 2017
=100  1\$aAiziczon, Fernando,$d1974-$eauthor.
=245  10$aCultura política, militantes y movilización :$bNeuquén durante los años '90 /$cFernando Aiziczon.
=264  \1$aBuenos Aires, Argentina :$bPrometeo Libros,$c[2017]
=300  \\$a384 pages ;$c23 cm.
=336  \\$atext$2rdacontent
=337  \\$aunmediated$2rdamedia
=338  \\$avolume$2rdacarrier
=490  0\$aColección de estudios patagónicos
=504  \\$aIncludes bibliographical references (pages 369-384).
=650  \0$aProtest movements$zArgentina$zNeuquén (Province)$xHistory$y20th century.
=650  \0$aLabor disputes$zArgentina$zNeuquén (Province)$xHistory$y20th century.
=650  \0$aLabor unions$xPolitical activity$zArgentina$zNeuquén (Province)$xHistory$y20th century.
=852  41$aBritish Library$bHMNTS$jYF.2019.a.2070
=856  41$uhttp://core.cambeiro.com.ar/0-156419-4.pdf
=CAT  \\$a6503$b40$c20181102$lBLL01$h1136
=CAT  \\$a10904$b40$c20190129$lBLL01$h0843
=FIN  \\$aY$d20190129
=FMT  \\$a  BK
=LAS  \\$a10904$b40$c20190129$lBLL01$h0843
=SRC  \\$aBLL02

