=LDR  01383 am a2200409 i 4500
=001  019109368
=003  Uk
=005  20190510143300.0
=008  171018e201709\\ag\a\\\\\\\\\\000\0\spa\d
=010  \\$a  2017372157
=020  \\$a9789876704724
=035  \\$a(AR-BaFGC)0-25559/88
=035  \\$a(OCoLC) 1007213360
=040  \\$aAR-BaFGC$beng$cAR-BaFGC$dDLC$dUk$erda
=042  \\$aukblderived
=043  \\$aa-cc---
=050  00$aDS795$b.B476 2017
=100  1\$aBerti, Eduardo,$d1964-$eauthor.
=245  13$aLa máquina de escribir caracteres chinos :$bunos días en Pekín /$cEduardo Berti ; fotos de Mariel Ballester.
=250  \\$a1a edición.
=264  \1$aC.A.B.A. :$bTusquets Editores,$cseptiembre de 2017.
=300  \\$a171 pages :$billustrations ;$c21 cm.
=336  \\$atext$2rdacontent
=337  \\$aunmediated$2rdamedia
=338  \\$avolume$2rdacarrier
=490  0\$aColección Andanzas
=500  \\$aPublished in Buenos Aires.
=600  10$aBerti, Eduardo,$d1964-$xTravel$zChina$zBeijing.
=651  \0$aBeijing (China)$xDescription and travel.
=852  41$aBritish Library$bHMNTS$jYF.2019.a.9084
=856  41$uhttp://core.cambeiro.com.ar/0-25559-88.pdf
=CAT  \\$a6503$b40$c20181102$lBLL01$h1256
=CAT  \\$a11002$b40$c20190510$lBLL01$h1433
=FIN  \\$aY$d20190510
=FMT  \\$a  BK
=LAS  \\$a11002$b40$c20190510$lBLL01$h1433
=SRC  \\$aBLL02

