=LDR  01497 am a2200409 i 4500
=001  019109371
=003  Uk
=005  20190128141319.0
=008  170712s2017\\\\ag\\\\\\\b\\\\000\0\spa\d
=010  \\$a  2017371753
=020  \\$a9789873864575
=035  \\$a(AR-BaFGC)0-180922/3
=035  \\$a(OCoLC) 993639223
=040  \\$aAR-BaFGC$beng$cAR-BaFGC$dDLC$dUk$erda
=042  \\$aukblderived
=043  \\$acl-----
=050  00$aPQ7797.G6$bZ55 2017
=100  1\$aCohen Imach, Victoria,$d1964-$eauthor.
=245  10$aEntre velos :$bmujeres y vida religiosa en textos de Juana Manuela Gorriti y otros escritos del siglo XIX /$cVictoria Cohen Imach.
=264  \1$aRosario, Argentina :$bProhistoria Ediciones,$c2017.
=300  \\$a470 pages ;$c23 cm.
=336  \\$atext$2rdacontent
=337  \\$aunmediated$2rdamedia
=338  \\$avolume$2rdacarrier
=490  0\$aColección Iglesias y religiosidades ;$v3
=504  \\$aIncludes bibliographical references (pages 439-470).
=600  10$aGorriti, Juana Manuela,$d1816-1892$xCriticism and interpretation.
=650  \0$aNuns in literature.
=650  \0$aMonastic and religious life of women$zSouth America$xHistory$y19th century.
=852  41$aBritish Library$bHMNTS$jYF.2019.a.2008
=856  41$uhttp://core.cambeiro.com.ar/0-180922-3.pdf
=CAT  \\$a6503$b40$c20181102$lBLL01$h1301
=CAT  \\$a10904$b40$c20190128$lBLL01$h1413
=FIN  \\$aY$d20190128
=FMT  \\$a  BK
=LAS  \\$a10904$b40$c20190128$lBLL01$h1413
=SRC  \\$aBLL02

