=LDR  01333 am a2200397 i 4500
=001  019109372
=003  Uk
=005  20190128141714.0
=008  170817s2017\\\\ag\\\\\\\b\\\\000\0\spa\d
=010  \\$a  2017372019
=020  \\$a9789502327112
=035  \\$a(AR-BaFGC)0-180125/21
=035  \\$a(OCoLC) 1001337004
=040  \\$aAR-BaFGC$beng$cAR-BaFGC$dDLC$dUk$erda
=042  \\$aukblderived
=050  00$aPQ2663.O6$bZ65 2017
=100  1\$aCosta, Hernán.
=245  14$aUna metáfora inoportuna :$bel cuerpo degradado en el teatro de Copi /$cHernán Costa.
=264  \1$aBuenos Aires :$bEditorial Universitaria de Buenos Aires. EUDEBA,$c2017.
=300  \\$a86 pages ;$c23 cm
=336  \\$atext$2rdacontent
=337  \\$aunmediated$2rdamedia
=338  \\$avolume$2rdacarrier
=504  \\$aIncludes bibliographical references.
=600  00$aCopi$xCriticism and interpretation.
=650  \0$aHuman body in literature.
=650  \0$aHomosexuality in literature.
=852  41$aBritish Library$bHMNTS$jYF.2019.a.2154
=856  41$uhttp://core.cambeiro.com.ar/0-180125-21.pdf
=CAT  \\$a6503$b40$c20181102$lBLL01$h1302
=CAT  \\$a10904$b40$c20190128$lBLL01$h1416
=CAT  \\$a10904$b40$c20190128$lBLL01$h1417
=FIN  \\$aY$d20190128
=FMT  \\$a  BK
=LAS  \\$a10904$b40$c20190128$lBLL01$h1417
=SRC  \\$aBLL02

