=LDR  01348 am a2200397 i 4500
=001  019109416
=003  Uk
=005  20190501140907.0
=008  180125e201711\\ag\\\\\\\\\\\\000\0dspa\d
=010  \\$a  2017372321
=020  \\$a9789873616822
=035  \\$a(AR-BaFGC)0-189569/0
=035  \\$a(OCoLC) 1021246848
=040  \\$aAR-BaFGC$beng$cAR-BaFGC$dDLC$dUk$erda
=042  \\$aukblderived
=050  00$aPQ7798.413.U38$bZ46 2017
=100  1\$aCucurto, Washington,$d1973-$einterviewee.
=245  10$aConversaciones con Washington Cucurto /$cFacundo R. Soto.
=250  \\$a1a edición.
=264  \1$a[Argentina] :$bBlatt & Ríos,$cnoviembre de 2017.
=300  \\$a329 pages ;$c18 cm
=336  \\$atext$2rdacontent
=337  \\$aunmediated$2rdamedia
=338  \\$avolume$2rdacarrier
=600  10$aCucurto, Washington,$d1973-$vInterviews.
=600  10$aCucurto, Washington,$d1973-$xCriticism and interpretation.
=650  \0$aAuthors, Argentine$y21st century$vInterviews.
=700  1\$aSoto, Facundo R.,$d1972-$einterviewer.
=852  41$aBritish Library$bHMNTS$jYF.2019.a.8328
=856  41$uhttp://core.cambeiro.com.ar/0-189569-0.pdf
=CAT  \\$a6503$b40$c20181102$lBLL01$h1403
=CAT  \\$a10904$b40$c20190501$lBLL01$h1409
=FIN  \\$aY$d20190501
=FMT  \\$a  BK
=LAS  \\$a10904$b40$c20190501$lBLL01$h1409
=SRC  \\$aBLL02

