=LDR  01533cam a2200433 i 4500
=001  019109428
=003  Uk
=005  20190128143234.0
=008  170720e201705\\ag\a\\\\\b\\\\000\0\spa\d
=010  \\$a  2017371956
=020  \\$a9789502327228
=035  \\$a(AR-BaFGC)0-166170/15
=035  \\$a(OCoLC) 994304548
=040  \\$aAR-BaFGC$beng$cAR-BaFGC$dDLC$dUk$erda
=042  \\$aukblderived
=043  \\$as-ag---
=050  00$aF3001.2$b.D45 2017
=100  1\$aDelich, Francisco,$d1937-2016,$eauthor.
=245  10$aMegalópolis :$bpolítica y vida cotidiana en Buenos Aires /$cFrancisco Delich.
=250  \\$a1o edición.
=264  \1$aCiudad de Buenos Aires :$bEUDEBA,$cmayo de 2017.
=300  \\$a215 pages :$billustrations ;$c23 cm.
=336  \\$atext$2rdacontent
=337  \\$aunmediated$2rdamedia
=338  \\$avolume$2rdacarrier
=490  0\$aTemas. Sociales
=500  \\$aAppendices: pages 197-215.
=504  \\$aIncludes bibliographical references (pages 189-195).
=651  \0$aBuenos Aires Region (Argentina)$xSocial life and customs$y21st century.
=651  \0$aBuenos Aires Region (Argentina)$xPolitics and government$y21st century.
=852  41$aBritish Library$bHMNTS$jYF.2019.a.2155
=856  41$uhttp://core.cambeiro.com.ar/0-166170-15.pdf
=CAT  \\$a6503$b40$c20181102$lBLL01$h1413
=CAT  \\$a10904$b40$c20190128$lBLL01$h1432
=CAT  \\$aBATCH-UPD$b40$c20220712$lBLL01$h1117
=FIN  \\$aY$d20190128
=FMT  \\$a  BK
=LAS  \\$aBATCH-UPD$b40$c20220712$lBLL01$h1117
=SRC  \\$aBLL02

