=LDR  01644 am a2200421 i 4500
=001  019109436
=003  Uk
=005  20190510145359.0
=008  171124e201708\\ag\\\\\\\b\\\\000\0\spa\d
=010  \\$a  2017372252
=020  \\$a9789501295726
=035  \\$a(AR-BaFGC)0-18500/37
=035  \\$a(OCoLC) 1013509275
=040  \\$aAR-BaFGC$beng$cAR-BaFGC$dDLC$dUk$erda
=042  \\$aukblderived
=050  00$aBF692$b.P778 2017
=245  00$aPsicoanálisis y género :$bescritos sobre el amor, el trabajo, la sexualidad y la violencia /$cIrene Meler (comp.) ; Facundo Blesctcher, Mabel Burin, Pilar Errázuriz Vidal, Ana María Fernández, Irene Fridman, Eva Giberti, Irene Meler, Martha I. Rosenberg, Débora Tajer, Juan Carlos Volnovich.
=250  \\$a1a edición.
=264  \1$aBuenos Aires :$bPaidós,$cagosto de 2017.
=300  \\$a325 pages ;$c22 cm.
=336  \\$atext$2rdacontent
=337  \\$aunmediated$2rdamedia
=338  \\$avolume$2rdacarrier
=490  0\$aBiblioteca de psicología profunda ;$v321
=504  \\$aIncludes bibliographical references.
=650  \0$aSex (Psychology)
=650  \0$aGender identity.
=650  \0$aPsychoanalysis and feminism.
=700  1\$aMeler, Irene,$eeditor.
=700  12$iContainer of (work):$aBurin, Mabel.$tA veinte años del Foro de Psicoanálisis y Género.
=852  41$aBritish Library$bHMNTS$jYF.2019.a.9003
=856  41$uhttp://core.cambeiro.com.ar/0-18500-37.pdf
=CAT  \\$a6503$b40$c20181102$lBLL01$h1420
=CAT  \\$a11002$b40$c20190510$lBLL01$h1453
=FIN  \\$aY$d20190510
=FMT  \\$a  BK
=LAS  \\$a11002$b40$c20190510$lBLL01$h1453
=SRC  \\$aBLL02

