=LDR  01468 am a2200421 i 4500
=001  019109453
=003  Uk
=005  20190117073644.0
=008  170808s2017\\\\sp\\\\\\\b\\\\000\0\spa\d
=010  \\$a  2017372093
=020  \\$a9789876277747
=035  \\$a(AR-BaFGC)0-188545/0
=035  \\$a(OCoLC) 995049912
=040  \\$aAR-BaFGC$beng$cAR-BaFGC$dDLC$dUk$erda
=042  \\$aukblderived
=043  \\$as-ag---
=050  00$aHV5840.A7$bS34 2017
=100  1\$aSantoro, Daniel,$d1958-$eauthor.
=245  13$aLa ruta de la efedrina :$bla trama secreta de las relaciones del narcotráfico con la política, la SIDE y la aduana desde CFK al macrismo /$cDaniel Santoro.
=250  \\$a1ra edición.
=264  \1$aBarcelona :$bEdiciones B, Grupo Z,$c[2017]
=300  \\$a334 pages ;$c23 cm
=336  \\$atext$2rdacontent
=337  \\$aunmediated$2rdamedia
=338  \\$avolume$2rdacarrier
=504  \\$aIncludes bibliographical references (pages 333-334).
=650  \0$aDrug traffic$zArgentina.
=650  \0$aEphedrine$zArgentina.
=650  \0$aDrug control$xCorrupt practices$zArgentina.
=651  \0$aArgentina$xPolitics and government$y2002-
=852  41$aBritish Library$bHMNTS$jYF.2019.a.799
=856  41$uhttp://core.cambeiro.com.ar/0-188545-0.pdf
=CAT  \\$a6503$b40$c20181102$lBLL01$h1435
=CAT  \\$a11002$b40$c20190117$lBLL01$h0736
=FIN  \\$aY$d20190117
=FMT  \\$a  BK
=LAS  \\$a11002$b40$c20190117$lBLL01$h0736
=SRC  \\$aBLL02

