=LDR  01782cam a22004937i 4500
=001  019122612
=003  Uk
=005  20181113111554.0
=008  170926s2017\\\\ag\\\\\\\b\\\\000\0\spa\d
=010  \\$a  2017372217
=020  \\$a9789500531436$qpaperback
=020  \\$a9500531437$qpaperback
=035  \\$a(OCoLC)1004944081
=040  \\$aAR-BaFGC$beng$cDLC$dTEF$dOCLCF$dIPL$dARFGC$dOCLCO$dUk$erda
=042  \\$aukblderived
=043  \\$as-pe---
=050  00$aPQ8381.L55$bV55 2017
=100  1\$aVillacorta, Carlos,$d1976-$eauthor.
=245  10$aPoéticas de la ciudad :$bLima en la poesía de los setenta /$cCarlos Villacorta.
=264  \1$aBs. As. :$bCorregidor,$c[2017]
=300  \\$a213 pages ;$c20 cm.
=336  \\$atext$2rdacontent
=337  \\$aunmediated$2rdamedia
=338  \\$avolume$2rdacarrier
=490  1\$aColección Nueva crítica hispanoamericana
=500  \\$aPublished in Buenos Aires.
=504  \\$aIncludes bibliographical references (pages 205-213).
=610  20$aMovimiento Hora Zero.
=648  \7$a1900-1999$2fast
=650  \0$aPeruvian poetry$y20th century$xHistory and criticism.
=650  \7$aLiterature.$2fast$0(OCoLC)fst00999953
=650  \7$aPeruvian poetry.$2fast$0(OCoLC)fst01058944
=651  \0$aLima (Peru)$xIn literature.
=651  \7$aPeru$zLima.$2fast$0(OCoLC)fst01205423
=655  \7$aCriticism, interpretation, etc.$2fast$0(OCoLC)fst01411635
=830  \0$aNueva crítica hispanoamericana.
=852  41$aBritish Library$bHMNTS$jYF.2018.a.19625
=856  41$uhttp://core.cambeiro.com.ar/0-122116-65.pdf
=CAT  \\$a8197$b40$c20181113$lBLL01$h1115
=CAT  \\$aW2308-1659$c20230923$lBLL01$h1000
=FIN  \\$aY$d20181113
=FMT  \\$a  BK
=LAS  \\$aW2308-1659$b00$c20230923$lBLL01$h1000
=SID  \\$aZ39$bOCLC

