=LDR  02697 am a2200469 i 4500
=001  019182209
=003  Uk
=005  20190225135214.0
=008  171214s2017\\\\ag\\\\\\\b\\\\000\0\spa\d
=010  \\$a  2017372225
=020  \\$a9789874027559
=020  \\$a987402755X
=035  \\$a(OCoLC)1015777984
=040  \\$aAR-BaFGC$beng$cDLC$dCUY$dOCLCF$dARFGC$dOCLCO$dUk$erda
=042  \\$aukblderived
=050  00$aH59.F74$bC66 2017
=245  00$aConversaciones con Nancy Fraser :$bjusticia, crítica y política en el siglo XXI /$cEduardo Rojas, Micaela Cuesta (directores).
=250  \\$a1a edición.
=264  \1$aSan Martín, provincia de Buenos Aires :$bUNSAM EDITA,$cjulio de 2017.
=300  \\$a241 pages ;$c21 cm.
=336  \\$atext$2rdacontent
=337  \\$aunmediated$2rdamedia
=338  \\$avolume$2rdacarrier
=490  0\$aColección: Ciencias sociales
=504  \\$aIncludes bibliographical references.
=505  0\$aEl destino de la igualdad en un mundo financiarizado / Nancy Fraser -- La crítica llevada a su valor práctico : justicia, estado y desarrollo / Eduardo Rojas -- Elementos para una crítica política de la economía política / Micaela Cuesta -- Acción social, interpretación y género en la teoría crítica de Nancy Frase : aportes metodológicos para pensar las luchas políticas contemporáneas / María Stegmayer y Mario Cruz -- Crítica del lenguaje "experto puente" e interpretación de la justicia social / Cintia Cavallo y Waldemar Cubilla -- Uso público y privatizado de la política / Gisele Bilañski -- Justicia social y desenmarque del Estado nación / Julieta Del Campo Castellano y Alejandro González -- Representación, paridad participativa y racionalidad política / Anaïs Roig y Nahuel D'Angelo -- En diálogo con Nancy Fraser, para una sociología crítico-pragmatista : la justicia y la política en cuestión / Nancy Fraser et al.
=600  10$aFraser, Nancy.
=600  17$aFraser, Nancy$2fast$0(OCoLC)fst00247400
=650  \0$aSocial sciences.
=650  \7$aSocial sciences.$2fast$0(OCoLC)fst01122877
=700  1\$aRojas, Eduardo$c(Political scientist),$eeditor.
=700  1\$aCuesta, Micaela,$eeditor.
=700  12$iContainer of (work):$aRojas, Eduardo$c(Political scientist)$tCrítica llevada a su valor práctico.
=852  41$aBritish Library$bHMNTS$jYF.2019.a.3719
=856  41$uhttp://core.cambeiro.com.ar/0-156417-13.pdf
=CAT  \\$a9518$b40$c20181214$lBLL01$h1626
=CAT  \\$a10904$b40$c20190225$lBLL01$h1351
=CAT  \\$a10904$b40$c20190225$lBLL01$h1352
=FIN  \\$aY$d20190225
=FMT  \\$a  BK
=LAS  \\$a10904$b40$c20190225$lBLL01$h1352
=SID  \\$aZ39$bOCLC

