=LDR  01613 am a2200445 i 4500
=001  019182214
=003  Uk
=005  20190510154831.0
=008  170920s2017\\\\ag\a\\\\\b\\\\000\0dspa\d
=010  \\$a  2017372562
=020  \\$a9789504959649
=035  \\$a(AR-BaFGC)0-646/222
=035  \\$a(OCoLC) 1004582393
=040  \\$aAR-BaFGC$beng$cAR-BaFGC$dDLC$dUk$erda
=042  \\$aukblderived
=043  \\$as-ag---
=050  00$aHV9582.5.S25$bV47 2017
=100  1\$aVerbitsky, Horacio,$eauthor.
=245  13$aLa libertad no es un milagro /$cHoracio Verbitsky, con la colaboración de Alejandra Dandan y Elizabeth Gómez Alcorta.
=264  \1$aC.A.B.A. :$bPlaneta,$c[2017]
=300  \\$a438 pages :$billustrations ;$c23 cm.
=336  \\$atext$2rdacontent
=337  \\$aunmediated$2rdamedia
=338  \\$avolume$2rdacarrier
=490  0\$aEspejo de la Argentina
=500  \\$aPublished in Buenos Aires.
=504  \\$aIncludes bibliographical references (pages 431-437).
=600  10$aSala, Milagro,$d1964-
=610  20$aOrganización Barrial Tupac Amaru.
=650  \0$aWomen prisoners$xCivil rights$zArgentina$zJujuy (Province)
=650  \0$aWomen in community development$zArgentina$zJujuy (Province)
=651  \0$aJujuy (Argentina : Province)$xPolitics and government$y20th century.
=852  41$aBritish Library$bHMNTS$jYF.2019.a.9013
=856  41$uhttp://core.cambeiro.com.ar/0-646-222.pdf
=CAT  \\$a9518$b40$c20181214$lBLL01$h1630
=CAT  \\$a11002$b40$c20190510$lBLL01$h1548
=FIN  \\$aY$d20190510
=FMT  \\$a  BK
=LAS  \\$a11002$b40$c20190510$lBLL01$h1548
=SRC  \\$aBLL02

