=LDR  02830 am a2200421 i 4500
=001  019185894
=003  Uk
=005  20190225085057.0
=008  160531t20132016ag\a\\\\\b\\\f000\0\spa\d
=010  \\$a  2016365823
=020  \\$a9789873714184
=035  \\$a(AR-BaFGC)0-179682/0
=040  \\$aAR-BaFGC$beng$cAR-BaFGC$dDLC$dUk$erda
=042  \\$aukblderived
=043  \\$acl-----
=050  00$aF1408.3$b.A473 2013
=245  00$aAmérica Latina, palabra en acción :$bintelectuales y discursos 1910-1950. /$cGabriela Luque, Élida Irene Luque, Paulina Salemi, Tatiana ALtamirano, Cristian Castillo, Romina Salcedo, Silvia Saldivia.
=250  \\$aPrimera edición.
=264  \1$aRío Gallegos, Santa Cruz, Patagonia Austral, Argentina :$bUNPA, Universidad Nacional de la Patagonia Austral :$bGIESALPA,$c2013.
=264  \4$c©2016
=300  \\$a180 pages :$billustrations ;$c20 cm
=336  \\$atext$2rdacontent
=337  \\$aunmediated$2rdamedia
=338  \\$avolume$2rdacarrier
=504  \\$aIncludes bibliographical references.
=505  0\$aEl ensayo como manifestación y confluencia del epnsamiento filosófico y literario latinoamericano / Amílcar Cristian Castillo -- México, paideia del intelectual latinoamericano / Gabriela Lugque, Paulina Salemi -- ¿Intelectuales o héores? : trincheras de ideas en la construcción de la ciudad moderna en América Latina / Paulina Salemi, Tatiana Altamirano, Silvia Saldivia, Romina Salcedo -- Intervenciones intelectuales sobre la educación y la universidad en el México revolucionario / Gabriela luque, Tatiana Altamirano, Paulina Salemi -- Leer, actuar : política y cultura en México 1910-1920 / Gabriela Luque -- Gabriela Mistral, una maestra chilena en el proyecto latinoamericanista / Gabriela Luque -- Encrucijads del intelectual latinoamericano de entreguerras / Elida Irene Luque, Gabriela Luque -- Pedro Henríquez Ureña, preguntas sobre el intelectual latinoamericano / Gabriela Luque -- Lecciones de historia de la cultura / Gabriela Luque -- Santo Domingo en el trazado de una cartografía de la cultura hispanoamericana / Gabriela Luque -- Una ciudad colonial en el lánguido trópico : Santo Domingo en la mirada de Pedro Henríquez Ureña / Gabirela Luque.
=650  \0$aEducation$zLatin America.
=650  \0$aIntellectuals$zLatin America.
=651  \0$aLatin America$xIntellectual life$y20th century.
=700  1\$iContainer of (work):$aLuque, Gabriela G.$tMéxico, paideia del intelectual latinoamericano.
=852  41$aBritish Library$bHMNTS$jYF.2019.a.3722
=856  41$uhttp://core.cambeiro.com.ar/0-179682-0.pdf
=CAT  \\$a9518$b40$c20181218$lBLL01$h1448
=CAT  \\$a10904$b40$c20190225$lBLL01$h0850
=FIN  \\$aY$d20190225
=FMT  \\$a  BK
=LAS  \\$a10904$b40$c20190225$lBLL01$h0850
=SRC  \\$aBLL02

