=LDR  02779 am a2200469 i 4500
=001  019185954
=003  Uk
=005  20190328095329.0
=008  171009s2017\\\\ag\a\\\\\b\\\\000\0\spa\d
=010  \\$a  2017372545
=020  \\$a9789876297615
=035  \\$a(AR-BaFGC)0-189488/1
=035  \\$a(OCoLC) 1003854602
=040  \\$aAR-BaFGC$beng$cAR-BaFGC$dDLC$dUk$erda
=042  \\$aukblderived
=043  \\$as-ag---
=050  00$aHV6485.A7$bL37 2017
=245  03$aLa larga historia de los saqueos en la Argentina :$bde la Independencia a nuestros días /$cGabriel Marco Di Meglio, Sergio Serulnikov, compiladores.
=264  \1$aBuenos Aires, Argentina :$bSiglo Veintiuno Editores,$c[2017]
=300  \\$a318 pages :$billustrations ;$c23 cm.
=336  \\$atext$2rdacontent
=337  \\$aunmediated$2rdamedia
=338  \\$avolume$2rdacarrier
=490  0\$aHacer historia
=504  \\$aIncludes bibliographical references.
=505  0\$aSaqueos en tiempos de revolución : apuntes sobre la experiencia rioplatense / Raúl O. Fradkin -- El saqueo y la muerte : el día después de la batalla de Caseros en Buenos Aires / Gabriel Di Meglio -- El malón en contrapunto : dinámicas de la diplomacia, el comercio y la guerra en la Frontera Sur (siglos XVIII y XIX) / Ingrid de Jong, Guido Cordero -- El saqueo de la casa de Yrigoyen : iconoclasia política y contrarrevolución (1930) / Marianne González Alemán -- 1955 : saqueos, crisis y emociones políticas en una Argentina dividida / Juan Pablo Artinian -- Como si estuvieran comprando : los saqueos de 1989 y la irrupción de la nueva cuestión social / Sergio Serulnikov -- Día de furia en Santiago del Estero : el 16 de diciembre de 1993 / Marina Farinetti -- La violencia anunciada : el ruido de las ollas vacías en 2001 / Mónica Gordillo -- Los saqueos en Lanús y en Villa Fiorito del 19 de diciembre de 2001 / Jorge Ossona -- Los saqueos de diciembre de 2013 : violencia, protesta, desigualdad social / Sebastián Pereyra, Pablo Semán.
=650  \0$aPillage$xPolitical aspects$zArgentina$xHistory.
=650  \0$aPillage$xSocial aspects$zArgentina$xHistory.
=650  \0$aRiots$zArgentina$xHistory.
=650  \0$aPolitical violence$zArgentina$xHistory.
=651  \0$aArgentina$xHistory.
=700  1\$aDi Meglio, Gabriel,$d1973-$eeditor.
=700  1\$aSerulnikov, Sergio,$eeditor.
=700  12$iContainer of (work):$aSerulnikov, Sergio.$tComo si estuvieran comprando.
=852  41$aBritish Library$bHMNTS$jYF.2019.a.6335
=856  41$uhttp://core.cambeiro.com.ar/0-189488-1.pdf
=CAT  \\$a9518$b40$c20181218$lBLL01$h1543
=CAT  \\$a11002$b40$c20190328$lBLL01$h0953
=FIN  \\$aY$d20190328
=FMT  \\$a  BK
=LAS  \\$a11002$b40$c20190328$lBLL01$h0953
=SRC  \\$aBLL02

