=LDR  01597 am a2200409 i 4500
=001  019187653
=003  Uk
=005  20190502073640.0
=008  170725s2017\\\\ag\a\\\\\b\\\\000\0\spa\d
=010  \\$a  2017371974
=020  \\$a9789876145374
=035  \\$a(AR-BaFGC)0-188273/1
=035  \\$a(OCoLC) 995875375
=040  \\$aAR-BaFGC$beng$cAR-BaFGC$dDLC$dUk$erda
=042  \\$aukblderived
=043  \\$as-ag---
=050  00$aF2849.2$b.A93 2017
=245  03$aEl Atlas de la Argentina :$bla democracia inconclusa /$cdirector José Natanson ; coordinación Creusa Muñoz ; edición e investigación estadística: Pablo Stancanelli (capítulos 1 y 2), Creusa Muñoz (capítulo 3), Luciana Garbarino (capítulo 4), Laura Oszust (capítulo 5).
=264  \1$a[Buenos Aires] :$bCapital Intelectual,$c[2017]
=300  \\$a147 pages :$bcolor illustrations ;$c30 cm.
=336  \\$atext$2rdacontent
=337  \\$aunmediated$2rdamedia
=338  \\$avolume$2rdacarrier
=490  0\$aEl Atlas de Le Monde diplomatique
=504  \\$aIncludes bibliographical references.
=651  \0$aArgentina$xPolitics and government$y1983-
=651  \0$aArgentina$xSocial conditions$y1983-
=651  \0$aArgentina$xEconomic conditions$y1983-
=700  1\$aNatanson, José,$d1975-$eeditor.
=852  41$aBritish Library$bHMNTS$jYF.2019.b.759
=856  41$uhttp://core.cambeiro.com.ar/0-188273-1.pdf
=CAT  \\$a9518$b40$c20181219$lBLL01$h1336
=CAT  \\$a10904$b40$c20190502$lBLL01$h0736
=FIN  \\$aY$d20190502
=FMT  \\$a  BK
=LAS  \\$a10904$b40$c20190502$lBLL01$h0736
=SRC  \\$aBLL02

