=LDR  01608 am a2200457 i 4500
=001  019187677
=003  Uk
=005  20190722091313.0
=008  171128e201709\\ag\\\\\\\b\\\\010\0\spa\d
=010  \\$a  2017372151
=020  \\$a9789502327945
=035  \\$a(AR-BaFGC)0-100933/10
=035  \\$a(OCoLC) 1013477448
=040  \\$aAR-BaFGC$beng$cAR-BaFGC$dDLC$dUk$erda
=042  \\$aukblderived
=043  \\$ae-sp---
=050  00$aPQ6039$b.B85 2017
=245  00$aBuenos Aires-Madrid-Buenos Aires :$bhomenaje a Melchora Romanos /$cFlorencia Calvo y Gloria Chicote, compiladoras.
=250  \\$aPrimera edición.
=264  \1$aCiudad de Buenos Aires :$bEudeba,$cseptiembre de 2017.
=300  \\$a765 pages ;$c24 cm.
=336  \\$atext$2rdacontent
=337  \\$aunmediated$2rdamedia
=338  \\$avolume$2rdacarrier
=490  0\$aHomenaje
=504  \\$aIncludes bibliographical references.
=504  \\$aIncludes Romero's bibliography (pages 21-29).
=650  \0$aSpanish literature$xHistory and criticism.
=700  1\$aCalvo, Florencia,$eeditor.
=700  1\$aChicote, Gloria B.,$eeditor.
=700  1\$aRomanos, Melchora,$ehonouree.
=700  12$iContainer of (work):$aAntonucci, Fausta.$tSonetos amorosos en díptico en las comedias de Calderón.
=852  41$aBritish Library$bHMNTS$jYF.2019.a.14722
=856  41$uhttp://core.cambeiro.com.ar/0-100933-10.pdf
=985  \\$eGC-FY18
=CAT  \\$a10904$b40$c20181219$lBLL01$h1354
=CAT  \\$a10904$b40$c20190722$lBLL01$h0913
=FIN  \\$aY$d20190722
=FMT  \\$a  BK
=LAS  \\$a10904$b40$c20190722$lBLL01$h0913
=SID  \\$aZ39$bLOC

