=LDR  01866 am a2200457 i 4500
=001  019187689
=003  Uk
=005  20190401133405.0
=008  170804s2017\\\\ag\a\\\\\b\\\\000\0\spa\d
=010  \\$a  2017372078
=020  \\$a9789873789267
=035  \\$a(AR-BaFGC)0-188410/0
=035  \\$a(OCoLC) 1000352104
=040  \\$aAR-BaFGC$beng$cAR-BaFGC$dDLC$dUk$erda
=042  \\$aukblderived
=043  \\$as-ag---
=050  00$aHV6322.3.A7$bD87 2017
=100  1\$aDürr, Christian,$d1971-$eauthor.
=245  10$aMemorias incómodas :$bel dispositivo de la desaparición y el testimonio de los sobrevivientes de los Centros Clandestinos de Detención, Tortura y Exterminio /$cChristian Dürr ; prólogo de Daniel Feierstein ; epílogo de Graciela Daleo.
=250  \\$a1a edición.
=264  \1$aTemperley :$bTren en Movimiento,$c2017.
=300  \\$a221 pages :$billustrations ;$c23 cm
=336  \\$atext$2rdacontent
=337  \\$aunmediated$2rdamedia
=338  \\$avolume$2rdacarrier
=500  \\$a"Una versión de este trabajo se publicó en Alemania en 2015."--front flap.
=500  \\$a"Fuentes audiovisuales": pages 211-212.
=504  \\$aIncludes bibliographical references (pages 213-219).
=650  \0$aDisappeared persons$zArgentina$xHistory$y20th century.
=650  \0$aState-sponsored terrorism$zArgentina$xHistory$y20th century.
=650  \0$aPolitical violence$zArgentina$xHistory$y20th century.
=651  \0$aArgentina$xPolitics and government$y1955-1983.
=852  41$aBritish Library$bHMNTS$jYF.2019.a.6486
=856  41$uhttp://core.cambeiro.com.ar/0-188410-0.pdf
=CAT  \\$a9518$b40$c20181219$lBLL01$h1402
=CAT  \\$a11131$b40$c20190401$lBLL01$h1334
=CAT  \\$aBATCH-UPD$b40$c20200813$lBLL01$h2103
=FIN  \\$aY$d20190401
=FMT  \\$a  BK
=LAS  \\$aBATCH-UPD$b40$c20200813$lBLL01$h2103
=SRC  \\$aBLL02

