=LDR  01985 am a2200517 i 4500
=001  019187715
=003  Uk
=005  20190328092424.0
=008  171010s2017\\\\ag\a\\\\\b\\\\000\0\spa\d
=010  \\$a  2017372192
=020  \\$a9789502327839
=020  \\$a9502327837
=035  \\$a(OCoLC)1007225328
=040  \\$aAR-BaFGC$beng$cDLC$dCUY$dOCLCF$dARFGC$dOCLCO$dUk$erda
=042  \\$aukblderived
=043  \\$as-ag---
=050  00$aLA548$b.P46 2017
=100  1\$aPérez Lindo, Augusto,$eauthor.
=245  13$aLa educación superior argentina (1983-2015) / :$bdiagnóstico y prospectiva /$cAugusto Pérez Lindo.
=250  \\$aPrimera edición.
=264  \1$aCiudad de Buenos Aires :$bEudeba,$cseptiembre de 2017.
=300  \\$a142 pages :$billustrations ;$c23 cm.
=336  \\$atext$2rdacontent
=337  \\$aunmediated$2rdamedia
=338  \\$avolume$2rdacarrier
=490  1\$aHistoria y memoria de la Universidad de Buenos Aires
=504  \\$aIncludes bibliographical references (page 142).
=648  \7$a1900-2099$2fast
=650  \0$aEducation, Higher$zArgentina$xHistory$y20th century.
=650  \0$aEducation, Higher$zArgentina$xHistory$y21st century.
=650  \0$aEducation and state$zArgentina$xHistory$y20th century.
=650  \0$aEducation and state$zArgentina$xHistory$y21st century.
=650  \7$aEducation and state.$2fast$0(OCoLC)fst00902835
=650  \7$aEducation, Higher.$2fast$0(OCoLC)fst00903005
=651  \7$aArgentina.$2fast$0(OCoLC)fst01205614
=655  \7$aHistory.$2fast$0(OCoLC)fst01411628
=830  \0$aHistoria y memoria de la Universidad de Buenos Aires.
=852  41$aBritish Library$bHMNTS$jYF.2019.a.6323
=856  41$uhttp://core.cambeiro.com.ar/0-175992-4.pdf
=CAT  \\$a9518$b40$c20181219$lBLL01$h1412
=CAT  \\$aBATCH-UPD$b40$c20181219$lBLL01$h1413
=CAT  \\$a11002$b40$c20190328$lBLL01$h0924
=FIN  \\$aY$d20190328
=FMT  \\$a  BK
=LAS  \\$a11002$b40$c20190328$lBLL01$h0924
=SID  \\$aZ39$bOCLC

