=LDR  01264 am a2200397 i 4500
=001  019188386
=003  Uk
=005  20191019072222.0
=008  171010e201708\\ag\\\\\\\b\\\\000\0\spa\d
=010  \\$a  2017372194
=020  \\$a9789502327433
=035  \\$a(AR-BaFGC)0-12235/38
=035  \\$a(OCoLC) 1007238553
=040  \\$aAR-BaFGC$beng$cAR-BaFGC$dDLC$dUk$erda
=042  \\$aukblderived
=050  00$aPQ6352$b.P325 2017
=100  1\$aParodi, Alicia,$eauthor.
=245  10$aSeminario sobre el Quijote /$cAlicia Parodi.
=250  \\$aPrimera edición.
=264  \1$aCiudad de Buenos Aires :$bEudeba,$cagosto de 2017.
=300  \\$a239 pages ;$c23 cm.
=336  \\$atext$2rdacontent
=337  \\$aunmediated$2rdamedia
=338  \\$avolume$2rdacarrier
=490  0\$aEnsayos
=504  \\$aIncludes bibliographical references (pages 231-239).
=600  10$aCervantes Saavedra, Miguel de,$d1547-1616.$tDon Quixote.
=852  41$aBritish Library$bHMNTS$jYF.2019.a.22225
=856  41$uhttp://core.cambeiro.com.ar/0-12235-38.pdf
=985  \\$eGC-FY18
=CAT  \\$a10904$b40$c20181220$lBLL01$h0832
=CAT  \\$a11002$b40$c20191019$lBLL01$h0722
=FIN  \\$aY$d20191019
=FMT  \\$a  BK
=LAS  \\$a11002$b40$c20191019$lBLL01$h0722
=SID  \\$aZ39$bLOC

