=LDR  01483 am a2200409 i 4500
=001  019188657
=003  Uk
=005  20190401133852.0
=008  170428s2016\\\\ag\a\\\\\\\\\\000\0aspa\d
=010  \\$a  2017371357
=020  \\$a9789871942749
=035  \\$a(AR-BaFGC)0-186115/0
=035  \\$a(OCoLC) 986157451
=040  \\$aAR-BaFGC$beng$cAR-BaFGC$dDLC$dUk$erda
=042  \\$aukblderived
=043  \\$as-ag---
=050  00$aPQ7798.16.E6825$bA3 2016
=100  1\$aFernández, Armando S.,$d1945-$eauthor.
=245  10$aMemorias de un guionista de historietas :$bperiodista y escritor /$cArmando S. Fernández.
=264  \1$a[Buenos Aires] :$bEdiciones Argentinidad,$c[2016]
=300  \\$a199 pages :$billustrations ;$c23 cm
=336  \\$atext$2rdacontent
=337  \\$aunmediated$2rdamedia
=338  \\$avolume$2rdacarrier
=500  \\$aAppendix 1 : Galería de dibujantes. Appendix 2: Producción propia : series, adaptaciones, miniseries, comic-books, libros.
=600  10$aFernández, Armando,$d1945-
=650  \0$aAuthors, Argentine$vBiography$xAuthorship.
=650  \0$aJournalists$zArgentina$vBiography.
=650  \0$aGraphic novels$zArgentina.
=852  41$aBritish Library$bHMNTS$jYF.2019.a.6560
=856  41$uhttp://core.cambeiro.com.ar/0-186115-0.pdf
=CAT  \\$a10904$b40$c20181220$lBLL01$h1426
=CAT  \\$a11131$b40$c20190401$lBLL01$h1338
=FIN  \\$aY$d20190401
=FMT  \\$a  BK
=LAS  \\$a11131$b40$c20190401$lBLL01$h1338
=SRC  \\$aBLL02

