=LDR  01444 am a2200433 i 4500
=001  019191911
=003  Uk
=005  20190225090703.0
=008  180125e201709\\ag\\\\\\\b\\\f000\0\spa\d
=010  \\$a  2017504042
=020  \\$a9789502327938
=035  \\$a(AR-BaFGC)0-190541/1
=035  \\$a(OCoLC) 1021259623
=040  \\$aAR-BaFGC$beng$cAR-BaFGC$dDLC$dUk$erda
=042  \\$aukblderived
=043  \\$as-ag---
=050  00$aPN2451$b.Z39 2017
=100  1\$aZayas de Lima, Perla,$d1941-$eauthor.
=245  13$aEl teatro en el primer peronismo (1943-1955) /$cPerla Zayas de Lima.
=250  \\$aPrimera edición.
=264  \1$aCiudad de Buenos Aires :$bEUDEBA,$cseptiembre de 2017.
=300  \\$a311 pages ;$c23 cm.
=336  \\$atext$2rdacontent
=337  \\$aunmediated$2rdamedia
=338  \\$avolume$2rdacarrier
=490  0\$aColección Biblioteca Proteatro
=490  0\$aTeoría teatral e investigación
=504  \\$aIncludes bibliographical references (pages 293-311).
=650  \0$aTheater$zArgentina$xHistory$y20th century.
=650  \0$aArgentine drama$xHistory and criticism.
=650  \0$aPeronism.
=852  41$aBritish Library$bHMNTS$jYF.2019.a.3647
=856  41$uhttp://core.cambeiro.com.ar/0-190541-1.pdf
=CAT  \\$a10904$b40$c20181221$lBLL01$h0829
=CAT  \\$a10904$b40$c20190225$lBLL01$h0907
=FIN  \\$aY$d20190225
=FMT  \\$a  BK
=LAS  \\$a10904$b40$c20190225$lBLL01$h0907
=SRC  \\$aBLL02

