=LDR  01423 am a2200409 i 4500
=001  019191913
=003  Uk
=005  20190401144256.0
=008  180202s2017\\\\ag\\\\\\\\\\\\000\0dspa\d
=010  \\$a  2017372280
=020  \\$a9789874649423
=035  \\$a(AR-BaFGC)0-190222/0
=035  \\$a(OCoLC) 1026342892
=040  \\$aAR-BaFGC$beng$cAR-BaFGC$dDLC$dUk$erda
=042  \\$aukblderived
=043  \\$as-ag---
=050  00$aPQ7798.412.R89$bZ46 2017
=100  1\$aBruzzone, Félix,$d1976-$eauthor.
=240  10$aDiaries.$kSelections
=245  10$aPiletas /$cFélix Bruzzone.
=264  \1$aBuenos Aires, Argentina :$bExcursiones,$c[2017]
=300  \\$a144 pages ;$c21 cm
=336  \\$atext$2rdacontent
=337  \\$aunmediated$2rdamedia
=338  \\$avolume$2rdacarrier
=500  \\$a"Este proyecto cuenta con el apoyo del Fondo Argentino de Desarrollo Cultural y Creativo - Ministerio de Cultura de la Nación."
=600  10$aBruzzone, Félix,$d1976-$vDiaries.
=650  \0$aAuthors, Argentine$y21st century$vDiaries.
=650  \0$aSwimming pools$xCleaning$zArgentina$zBuenos Aires Region.
=852  41$aBritish Library$bHMNTS$jYF.2019.a.6499
=856  41$uhttp://core.cambeiro.com.ar/0-190222-0.pdf
=CAT  \\$a10904$b40$c20181221$lBLL01$h0839
=CAT  \\$a11131$b40$c20190401$lBLL01$h1442
=FIN  \\$aY$d20190401
=FMT  \\$a  BK
=LAS  \\$a11131$b40$c20190401$lBLL01$h1442
=SRC  \\$aBLL02

