=LDR  01826 am a2200469 i 4500
=001  019192059
=003  Uk
=005  20190615061807.0
=008  170811s2017\\\\ag\a\\\\\b\\\\000\0\spa\d
=010  \\$a  2017372090
=020  \\$a9789874241443
=020  \\$a9874241446
=035  \\$a(OCoLC)1001327400
=040  \\$aAR-BaFGC$beng$cDLC$dHLS$dCUY$dIXA$dARFGC$dOCLCO$dOCLCF$dUk$erda
=042  \\$aukblderived
=043  \\$as-ag---
=050  00$aJL2098.F728$bS55 2017
=100  1\$aSilva Mariños, Lisandro,$eauthor.
=245  13$aEl Frente Antiimperialista y por el Socialismo (FAS) :$bun ejército político de masas impulsado por el PRT /$cLisandro Silva Mariños ; prólogo por Pablo Bonavena.
=264  \1$a[Argentina] :$bEdiciones La Llamarada :$bEdiciones A Vencer,$c[2017]
=300  \\$a325 pages :$billustrations ;$c21 cm
=336  \\$atext$2rdacontent
=337  \\$aunmediated$2rdamedia
=338  \\$avolume$2rdacarrier
=500  \\$aAppendices: pages 258-316.
=504  \\$aIncludes bibliographical references (pages 317-325).
=610  20$aFrente Antiimperialista y por el Socialismo$xHistory.
=610  20$aPartido Revolucionario de los Trabajadores.
=610  27$aPartido Revolucionario de los Trabajadores$2fast$0(OCoLC)fst00628626
=648  \7$a1900-1999$2fast
=650  \7$aPopular fronts.$2fast$0(OCoLC)fst01071401
=650  \7$aSocialism.$2fast$0(OCoLC)fst01123637
=651  \7$aArgentina.$2fast$0(OCoLC)fst01205614
=655  \7$aHistory.$2fast$0(OCoLC)fst01411628
=852  41$aBritish Library$bHMNTS$jYF.2019.a.12011
=856  41$uhttp://core.cambeiro.com.ar/0-188628-0.pdf
=CAT  \\$a9518$b40$c20181221$lBLL01$h1328
=CAT  \\$a11002$b40$c20190615$lBLL01$h0618
=FIN  \\$aY$d20190615
=FMT  \\$a  BK
=LAS  \\$a11002$b40$c20190615$lBLL01$h0618
=SID  \\$aZ39$bOCLC

