=LDR  01826 am a2200493 i 4500
=001  019205549
=003  Uk
=005  20190221093538.0
=008  171017s2017\\\\ag\\\\\\\b\\\\000\0\spa\c
=010  \\$a  2017372190
=020  \\$a9789874238269
=020  \\$a9874238267
=035  \\$a(OCoLC)1007227140
=040  \\$aARFGC$beng$cARFGC$dCGU$dIXA$dOCLCF$dOCLCA$dDLC$dPIT$dUk$erda
=042  \\$aukblderived
=043  \\$as-ag---
=050  \4$aF2849.3$b.P85 2017
=100  1\$aPulleiro, Adrián,$eauthor.
=245  10$aLiberales, populistas y heterodoxos /$cAdrián Pulleiro ; prólogo de Lucas Rubinich.
=264  \1$aCABA, Argentina :$bBatalla de Ideas,$c[2017]
=300  \\$a365 pages ;$c22 cm.
=336  \\$atext$2rdacontent
=337  \\$aunmediated$2rdamedia
=338  \\$avolume$2rdacarrier
=490  1\$aColección Estudios sobre la Argentina contemporánea
=504  \\$aIncludes bibliographical references (pages 353-364).
=648  \7$a2000-2099$2fast
=650  \0$aIntellectuals$xPolitical activity$zArgentina.
=650  \0$aIntellectuals$zArgentina$xAttitudes.
=650  \7$aIntellectual life.$2fast$0(OCoLC)fst00975769
=650  \7$aIntellectuals.$2fast$0(OCoLC)fst00975799
=651  \0$aArgentina$xPolitics and government$y21st century.
=651  \0$aArgentina$xIntellectual life$y21st century.
=651  \7$aArgentina.$2fast$0(OCoLC)fst01205614
=700  1\$aRubinich, Lucas,$ewriter of preface.
=830  \0$aColección Estudios sobre la Argentina contemporánea.
=852  41$aBritish Library$bHMNTS$jYF.2019.a.3529
=856  41$uhttp://core.cambeiro.com.ar/0-178748-2.pdf
=CAT  \\$a6503$b40$c20190110$lBLL01$h1600
=CAT  \\$a11002$b40$c20190221$lBLL01$h0935
=FIN  \\$aY$d20190221
=FMT  \\$a  BK
=LAS  \\$a11002$b40$c20190221$lBLL01$h0935
=SID  \\$aZ39$bOCLC

