=LDR  01498 am a2200409 i 4500
=001  019206432
=003  Uk
=005  20190225090346.0
=008  171010e201706\\ag\af\\\\b\\\\000\0\spa\d
=010  \\$a  2017372409
=020  \\$a9789502327686
=035  \\$a(AR-BaFGC)0-180125/22
=035  \\$a(OCoLC) 1005971998
=040  \\$aAR-BaFGC$beng$cAR-BaFGC$dDLC$dUk$erda
=042  \\$aukblderived
=043  \\$as-ag---
=050  00$aPQ7798.23.A825$bL43 2017
=100  1\$aRozzi de Bergel, Ana María,$eauthor.
=245  10$aDesnudos, amados y censurados :$bel fenómeno del éxito de La lección de anatomía de Carlos Mathus /$cAna María Rozzi de Bergel.
=250  \\$aPrimera edición.
=264  \1$aCiudad de Buenos Aires :$bEudeba,$cjunio de 2017.
=300  \\$a250 pages, 48 unnumbered pages of plates :$billustrations (some color) ;$c23 cm.
=336  \\$atext$2rdacontent
=337  \\$aunmediated$2rdamedia
=338  \\$avolume$2rdacarrier
=490  0\$aColección Biblioteca proteatro
=490  0\$aTeoría teatral e investigación
=504  \\$aIncludes bibliographical references (pages 247-248).
=600  10$aMathus, Carlos.$tLección de anatomía.
=852  41$aBritish Library$bHMNTS$jYF.2019.a.3652
=856  41$uhttp://core.cambeiro.com.ar/0-180125-22.pdf
=CAT  \\$a6503$b40$c20190111$lBLL01$h1359
=CAT  \\$a10904$b40$c20190225$lBLL01$h0903
=FIN  \\$aY$d20190225
=FMT  \\$a  BK
=LAS  \\$a10904$b40$c20190225$lBLL01$h0903
=SID  \\$aZ39$bLOC

