=LDR  01658 am a2200457 i 4500
=001  019206433
=003  Uk
=005  20190501115734.0
=008  180131s2017\\\\ag\\\\\\\b\\\\000\0\spa\d
=010  \\$a  2017372231
=020  \\$a9789873960123
=020  \\$a9873960120
=035  \\$a(OCoLC)1021249019
=040  \\$aAR-BaFGC$beng$cDLC$dTEF$dCUZ$dOCLCF$dL2U$dARFGC$dDRB$dUk$erda
=042  \\$aukblderived
=050  00$aPQ7797.S22435$bZ78 2017
=100  10$aLucero, Nicolás,$eauthor.
=245  13$aLa vuelta incompleta :$bSaer y la novela /$cNicolás Lucero.
=264  \1$aBuenos Aires :$bSantiago Arcos Editor,$c[2017]
=300  \\$a288 pages ;$c20 cm.
=336  \\$atext$2rdacontent
=337  \\$aunmediated$2rdamedia
=338  \\$avolume$2rdacarrier
=490  1\$aParabellum ;$v54. Ensayos
=500  \\$aOriginally presented as the author's thesis (doctoral)--University of Iowa, 2006.
=500  \\$a"54"--Spine.
=504  \\$aIncludes bibliographical references (pages 269-283).
=600  10$aSaer, Juan José,$d1937-2005$xCriticism and interpretation.
=600  17$aSaer, Juan José,$d1937-2005$2fast$0(OCoLC)fst01760119
=651  \7$aArgentina.$0(NL-LeOCL)078437571$2gtt
=655  \7$aCriticism, interpretation, etc.$2fast$0(OCoLC)fst01411635
=830  \0$aParabellum ;$v54.
=830  \0$aParabellum.$pEnsayo.
=852  41$aBritish Library$bHMNTS$jYF.2019.a.8320
=856  41$uhttp://core.cambeiro.com.ar/0-113913-16.pdf
=CAT  \\$a6503$b40$c20190111$lBLL01$h1401
=CAT  \\$a10904$b40$c20190501$lBLL01$h1157
=FIN  \\$aY$d20190501
=FMT  \\$a  BK
=LAS  \\$a10904$b40$c20190501$lBLL01$h1157
=SID  \\$aZ39$bOCLC

