=LDR  01516 am a2200433 i 4500
=001  019206441
=003  Uk
=005  20190319142845.0
=008  180209e201707\\ag\a\\\\\b\\\\000\0dspa\d
=010  \\$a  2017372282
=020  \\$a9789500373258
=035  \\$a(AR-BaFGC)0-190507/0
=035  \\$a(OCoLC) 1026184305
=040  \\$aAR-BaFGC$beng$cAR-BaFGC$dDLC$dUk$erda
=042  \\$aukblderived
=050  00$aPQ7797.B635$bZ91752 2017
=100  1\$aBorges, Jorge Luis,$d1899-1986,$einterviewee.
=240  10$aSiete conversaciones con Jorge Luis Borges.$kSelections
=245  10$aConversaciones con Jorge Luis Borges /$cFernando Sorrentino, Huadi.
=250  \\$a1o edición.
=264  \1$aBuenos Aires :$bLosada,$cjulio de 2017.
=300  \\$a91 pages :$billustrations (chiefly color) ;$c28 cm
=336  \\$atext$2rdacontent
=336  \\$astill image$2rdacontent
=337  \\$aunmediated$2rdamedia
=338  \\$avolume$2rdacarrier
=504  \\$aIncludes bibliographical references.
=600  10$aBorges, Jorge Luis,$d1899-1986$vInterviews.
=650  \0$aAuthors, Argentine$y20th century$vInterviews.
=700  1\$aSorrentino, Fernando,$einterviewer.
=700  0\$aHuadi,$d1955-$eillustrator.
=852  41$aBritish Library$bHMNTS$jYF.2019.b.419
=856  41$uhttp://core.cambeiro.com.ar/0-190507-0.pdf
=CAT  \\$a6503$b40$c20190111$lBLL01$h1408
=CAT  \\$a10904$b40$c20190319$lBLL01$h1428
=FIN  \\$aY$d20190319
=FMT  \\$a  BK
=LAS  \\$a10904$b40$c20190319$lBLL01$h1428
=SRC  \\$aBLL02

