=LDR  01439 am a2200421 i 4500
=001  019220096
=003  Uk
=005  20190221140044.0
=008  170712s2017\\\\ag\a\\\\\\\\\\000\0\spa\d
=010  \\$a  2017371704
=020  \\$a9789871942763
=035  \\$a(AR-BaFGC)0-159039/29
=035  \\$a(OCoLC) 993636060
=040  \\$aAR-BaFGC$beng$cAR-BaFGC$dDLC$dUk$erda
=042  \\$aukblderived
=043  \\$alsfk---$as-ag---
=050  00$aF3031.5$b.M645 2017
=100  1\$aMontivero, José A.$q(José Alberto)
=245  10$aPelota de tenis :$b(una historia de vida en Malvinas) /$cJosé A. Montivero.
=250  \\$aPrimera edición.
=264  \1$a[Buenos Aires] :$bEdiciones Argentinidad,$c[2017]
=300  \\$a201 pages :$billustrations ;$c23 cm.
=336  \\$atext$2rdacontent
=337  \\$aunmediated$2rdamedia
=338  \\$avolume$2rdacarrier
=490  0\$aColección Malvinas
=600  10$aMontivero, José A.$q(José Alberto)
=610  10$aArgentina.$bArmada$xSurgeons.
=650  \0$aFalkland Islands War, 1982$xPersonal narratives, Argentine.
=650  \0$aFalkland Islands War, 1982$xMedical care.
=852  41$aBritish Library$bHMNTS$jYF.2019.a.3593
=856  41$uhttp://core.cambeiro.com.ar/0-159039-29.pdf
=CAT  \\$a9518$b40$c20190122$lBLL01$h1648
=CAT  \\$a11002$b40$c20190221$lBLL01$h1400
=FIN  \\$aY$d20190221
=FMT  \\$a  BK
=LAS  \\$a11002$b40$c20190221$lBLL01$h1400
=SRC  \\$aBLL02

