=LDR  01305 am a2200385 i 4500
=001  019222875
=003  Uk
=005  20190510135857.0
=008  170803s2017\\\\ag\\\\\\\b\\\\000\0\spa\d
=010  \\$a  2017371894
=020  \\$a9789876466769
=035  \\$a(AR-BaFGC)0-188554/0
=035  \\$a(OCoLC) 999438409
=040  \\$aAR-BaFGC$beng$cAR-BaFGC$dDLC$dUk$erda
=042  \\$aukblderived
=043  \\$as-ag---
=050  00$aPQ7654$b.D36 2017
=100  1\$aDámaso Martínez, Carlos,$d1944-$eauthor.
=240  10$aEssays.$kSelections
=245  10$aLecturas escritas :$bensayos sobre literatura latinoamericana y arte /$cCarlos Dámaso Martínez.
=264  \1$aCórdoba, República Argentina :$bAlción Editora,$c[2017]
=300  \\$a274 pages ;$c21 cm
=336  \\$atext$2rdacontent
=337  \\$aunmediated$2rdamedia
=338  \\$avolume$2rdacarrier
=504  \\$aIncludes bibliographical references.
=650  \0$aArgentine literature$y20th century$xHistory and criticism.
=852  41$aBritish Library$bHMNTS$jYF.2019.a.9404
=856  41$uhttp://core.cambeiro.com.ar/0-188554-0.pdf
=CAT  \\$a9518$b40$c20190123$lBLL01$h1136
=CAT  \\$a11002$b40$c20190510$lBLL01$h1358
=FIN  \\$aY$d20190510
=FMT  \\$a  BK
=LAS  \\$a11002$b40$c20190510$lBLL01$h1358
=SRC  \\$aBLL02

