=LDR  01432 am a2200409 i 4500
=001  019229865
=003  Uk
=005  20190319133037.0
=008  170707s2017\\\\ag\af\\\\b\\\\000\0\spa\d
=010  \\$a  2017371745
=020  \\$a9789871942794
=035  \\$a(AR-BaFGC)0-159039/26
=035  \\$a(OCoLC) 993651340
=040  \\$aAR-BaFGC$beng$cAR-BaFGC$dDLC$dUk$erda
=042  \\$aukblderived
=043  \\$as-ag---$alsfk---$ae-uk---
=050  00$aF3031.5$b.M856 2017
=100  1\$aMuñoz, Jorge,$eauthor.
=245  10$aBarcos hospital :$bsanidad militar en la guerra de Malvinas /$cJorge Muñoz.
=250  \\$aPrimera edición.
=264  \1$a[Buenos Aires] :$bEdiciones Argentinidad,$c[2017]
=300  \\$a126 pages, 16 pages of plates :$billustrations (some color) ;$c23 cm
=336  \\$atext$2rdacontent
=337  \\$aunmediated$2rdamedia
=338  \\$avolume$2rdacarrier
=504  \\$aIncludes bibliographical references (pages 125-126).
=610  10$aArgentina.$bEjército$xMedical care.
=650  \0$aFalkland Islands War, 1982$xMedical care$zArgentina.
=650  \0$aHospital ships$zArgentina.
=852  41$aBritish Library$bHMNTS$jYF.2019.a.5685
=856  41$uhttp://core.cambeiro.com.ar/0-159039-26.pdf
=CAT  \\$a6503$b40$c20190201$lBLL01$h1349
=CAT  \\$a10904$b40$c20190319$lBLL01$h1330
=FIN  \\$aY$d20190319
=FMT  \\$a  BK
=LAS  \\$a10904$b40$c20190319$lBLL01$h1330
=SID  \\$aZ39$bLOC

