=LDR  01621 am a2200445 i 4500
=001  019229873
=003  Uk
=005  20190725143541.0
=008  170710s2017\\\\ag\a\\\\\\\\\\000\0\spa\d
=010  \\$a  2017371700
=020  \\$a9789871942787
=035  \\$a(AR-BaFGC)0-159039/27
=035  \\$a(OCoLC) 993639426
=040  \\$aAR-BaFGC$beng$cAR-BaFGC$dDLC$dUk$erda
=042  \\$aukblcatcopy
=043  \\$alsfk---$as-ag---
=050  00$aF3031$b.R325 2017
=100  1\$aRamos, Javier E.,$d1963-$eauthor.
=245  10$aIsla Borbón :$bel equipo de Combate Montalvo en Malvinas /$cVGM Javier E. Ramos.
=246  04$aIsla Borbón Malvinas 1982
=250  \\$aSegunda edición ampliada y corregida.
=264  \1$a[Buenos Aires] :$bEdiciones Argentinidad,$c2017.
=300  \\$a360 pages, 64 pages of plates :$billustrations (some color) ;$c23 cm.
=336  \\$atext$2rdacontent
=337  \\$aunmediated$2rdamedia
=338  \\$avolume$2rdacarrier
=490  0\$aColección Malvinas
=600  10$aRamos, Javier E.,$d1963-$vDiaries.
=650  \0$aSoldiers$zArgentina$vDiaries.
=650  \0$aFalkland Islands War, 1982$xPersonal narratives, Argentine.
=650  \0$aFalkland Islands War, 1982$xAerial operations, British.
=650  \0$aFalkland Islands War, 1982$xPrisoners and prisons, British.
=852  41$aBritish Library$bHMNTS$jYF.2019.a.15174
=856  41$uhttp://core.cambeiro.com.ar/0-159039-27.pdf
=CAT  \\$a6503$b40$c20190201$lBLL01$h1356
=CAT  \\$a11002$b40$c20190725$lBLL01$h1435
=FIN  \\$aY$d20190725
=FMT  \\$a  BK
=LAS  \\$a11002$b40$c20190725$lBLL01$h1435
=SRC  \\$aBLL02

