=LDR  01521 am a2200409 i 4500
=001  019229895
=003  Uk
=005  20190723075249.0
=008  170623s2016\\\\ag\a\\\\\b\\\\000\0\spa\d
=010  \\$a  2017371560
=020  \\$a9789874607041
=035  \\$a(AR-BaFGC)0-170555/4
=035  \\$a(OCoLC) 971242642
=040  \\$aAR-BaFGC$beng$cAR-BaFGC$dDLC$dUk$erda
=042  \\$aukblderived
=043  \\$as-pe---
=050  00$aF3429.1.C47$bR28 2016
=100  1\$aRivera Andía, Juan Javier.
=245  13$aLa vaquerita y su canto :$buna antropología de las emociones : canciones rituales ganaderas en los Andes peruanos contemporáneos /$cJuan Javier Rivera Andía.
=250  \\$aPrimera edición.
=264  \1$a[Buenos Aires] :$bAsociación Civil Rumbo Sur,$c2016.
=300  \\$a192 pages :$billustrations ;$c22 cm.
=336  \\$atext$2rdacontent
=337  \\$aunmediated$2rdamedia
=338  \\$avolume$2rdacarrier
=490  0\$aEthnographica
=504  \\$aIncludes bibliographical references (pages 182-192).
=650  \0$aIndians of South America$zPeru$zChancay River Valley (Lima, Peru)$xRites and ceremonies.
=650  \0$aFolk songs, Quechua$zPeru$zChancay River Valley (Lima, Peru)
=852  41$aBritish Library$bHMNTS$jYF.2019.a.14721
=856  41$uhttp://core.cambeiro.com.ar/0-170555-4.pdf
=CAT  \\$a6503$b40$c20190201$lBLL01$h1414
=CAT  \\$a10904$b40$c20190723$lBLL01$h0752
=FIN  \\$aY$d20190723
=FMT  \\$a  BK
=LAS  \\$a10904$b40$c20190723$lBLL01$h0752
=SRC  \\$aBLL02

