=LDR  01438 am a2200421 i 4500
=001  019229921
=003  Uk
=005  20190502104459.0
=008  171103s2017\\\\ag\af\\\\b\\\\000\0bspa\d
=010  \\$a  2017372255
=020  \\$a9789504960232
=035  \\$a(AR-BaFGC)0-187356/2
=035  \\$a(OCoLC) 1011450366
=040  \\$aAR-BaFGC$beng$cAR-BaFGC$dDLC$dUk$erda
=042  \\$aukblderived
=043  \\$as-ag---
=050  00$aGV1132.M67$bI78 2017
=100  1\$aIrusta, Carlos,$d1948-$eauthor.
=245  10$aMonzón :$bla biografía definitiva /$cCarlos Irusta ; prólogo Ernesto Cherquis Bialo.
=264  \1$aC.A.B.A. :$bPlaneta,$c[2017]
=300  \\$a423 pages, 40 unnumbered pages of plates :$billustrations (some color) ;$c23 cm.
=336  \\$atext$2rdacontent
=337  \\$aunmediated$2rdamedia
=338  \\$avolume$2rdacarrier
=490  0\$aColección Caño
=504  \\$aIncludes bibliographical references.
=600  10$aMonzón, Carlos,$d1942-
=650  \0$aBoxers (Sports)$zArgentina$vBiography.
=852  41$aBritish Library$bHMNTS$jYF.2019.a.8389
=856  41$uhttp://core.cambeiro.com.ar/0-187356-2.pdf
=CAT  \\$a6503$b40$c20190201$lBLL01$h1430
=CAT  \\$a10904$b40$c20190501$lBLL01$h1431
=CAT  \\$aBATCH-UPD$b40$c20190501$lBLL01$h1432
=CAT  \\$a10804$b40$c20190502$lBLL01$h1044
=FIN  \\$aY$d20190501
=FMT  \\$a  BK
=LAS  \\$a10804$b40$c20190502$lBLL01$h1044
=SRC  \\$aBLL02

