=LDR  01579 am a2200421 i 4500
=001  019415555
=003  Uk
=005  20190727065418.0
=008  171013s2017\\\\ag\\\\\\\\\\\\000\0\spa\d
=010  \\$a  2017372179
=020  \\$a9789871942978
=035  \\$a(AR-BaFGC)0-159039/32
=035  \\$a(OCoLC) 1007238629
=040  \\$aAR-BaFGC$beng$cAR-BaFGC$dDLC$dUk$erda
=042  \\$aukblderived
=043  \\$alsfk---$as-ag---$ae-uk---
=050  00$aF3031.5$b.G54 2017
=100  1\$aGigliotti, Carlos A.$q(Carlos Alberto),$d1960-$eauthor.
=245  10$aBravo 25 :$bun puñado de valientes : la épica historia de la Compañía C del Regimiento de Infantería 25 en Malvinas /$cCarlos A. Gigliotti.
=250  \\$aPrimera edición.
=264  \1$a[Buenos Aires] :$bEdiciones Argentinidad,$c[2017]
=300  \\$a362 pages :$billustrations ;$c23 cm.
=336  \\$atext$2rdacontent
=337  \\$aunmediated$2rdamedia
=338  \\$avolume$2rdacarrier
=490  0\$aColección Malvinas
=610  10$aArgentina.$bEjército.$bRegimiento de Infantería 25.$bCompanía de Infantería C.
=650  \0$aFalkland Islands War, 1982.
=650  \0$aFalkland Islands War, 1982$vPersonal narratives, Argentine.
=852  41$aBritish Library$bHMNTS$jYF.2019.a.15280
=856  41$uhttp://core.cambeiro.com.ar/0-159039-32.pdf
=CAT  \\$a9518$b40$c20190524$lBLL01$h1438
=CAT  \\$aBATCH-UPD$b40$c20190524$lBLL01$h1439
=CAT  \\$a11002$b40$c20190727$lBLL01$h0654
=FIN  \\$aY$d20190727
=FMT  \\$a  BK
=LAS  \\$a11002$b40$c20190727$lBLL01$h0654
=SRC  \\$aBLL02

