=LDR  01398 am a2200409 i 4500
=001  019415557
=003  Uk
=005  20190727065016.0
=008  171017s2017\\\\ag\a\\\\\b\\\\000\0\spa\d
=010  \\$a  2017372180
=020  \\$a9789874112095
=035  \\$a(AR-BaFGC)0-189193/0
=035  \\$a(OCoLC) 1007219462
=040  \\$aAR-BaFGC$beng$cAR-BaFGC$dDLC$dUk$erda
=042  \\$aukblcatcopy
=043  \\$alsfk---$as-ag---$ae-uk---
=050  00$aF3031.5$b.G465 2017
=100  1\$aGerding, Eduardo Cesar.
=245  13$aEl grupo Nottingham-Malvinas :$blos primeros 10 años /$cEduardo C. Gerding.
=264  \1$aBuenos Aires, República Argentina :$b1884 Editorial, Círculo Militar,$c[2017]
=300  \\$a618 pages :$billustrations ;$c22 cm
=336  \\$atext$2rdacontent
=337  \\$aunmediated$2rdamedia
=338  \\$avolume$2rdacarrier
=504  \\$aIncludes bibliographical references.
=650  \0$aFalkland Islands War, 1982$xVeterans.
=650  \0$aFalkland Islands War, 1982$xSocial aspects.
=650  \0$aFalkland Islands War, 1982.
=650  \0$aWar neuroses.
=852  41$aBritish Library$bHMNTS$jYF.2019.a.15210
=856  41$uhttp://core.cambeiro.com.ar/0-189193-0.pdf
=CAT  \\$a9518$b40$c20190524$lBLL01$h1439
=CAT  \\$a11002$b40$c20190727$lBLL01$h0650
=FIN  \\$aY$d20190727
=FMT  \\$a  BK
=LAS  \\$a11002$b40$c20190727$lBLL01$h0650
=SRC  \\$aBLL02

