=LDR  02546 am a2200433 i 4500
=001  019415565
=003  Uk
=005  20190809141218.0
=008  160608e201604\\ag\\\\\\\b\\\\000\0\spa\d
=010  \\$a  2016365792
=020  \\$a9789500298827
=035  \\$a(AR-BaFGC)0-182533/0
=040  \\$aAR-BaFGC$beng$cAR-BaFGC$dDLC$dUk$erda
=042  \\$aukblderived
=043  \\$alsfk---$as-ag---$ae-uk---
=050  00$aF3031$b.R395 2016
=245  00$aRepensando Malvinas :$buna causa nacional /$cJuan Archibaldo Lanús ; con la participación de Virginia Gamba [and 9 others].
=250  \\$a1a edición.
=264  \1$aBuenos Aires, Argentina :$bEditorial El Ateneo,$cabril de 2016.
=300  \\$a510 pages ;$c23 cm
=336  \\$atext$2rdacontent
=337  \\$aunmediated$2rdamedia
=338  \\$avolume$2rdacarrier
=504  \\$aIncludes bibliographical references (pages 501-510).
=505  0\$aMalvinas a partir de la Segunda Guerra Mundial, 1945-1982 / Juan Archibaldo Lanús -- Las negociaciones bilaterales y el rol del grupo de presión de las Islas Malvinas / Virginia Gamba -- Política y diplomacia durante el episodio Davidoff y el conflicto armado del Atlántico Sur / Jorge Hugo Herrera Vegas -- Reafirmación de principios, 1983-1988 / Martín García Moritán -- Política de reconciliación, 1989-1999 / Rogelio Pfirter -- Política y diplomacia en la disputa de soberanía del Atlántico Sur, 2000-2015 / Miguel Ángel Barrios y Fabián Lavallén Ranea -- Una causa nacional en un mundo complejo / Juan Archibaldo Lanús -- El Atlántico Sur como escenario estratégico / Julio A. Hang y Alberto E. Dojas -- Atlántico Sur : consideraciones científicas y de sus recursos / Javier Armando Valladares -- La búsqueda de hidrocarburos costa afuera de las Islas Malvinas / Alejandro R. Luppi.
=651  \0$aFalkland Islands.
=651  \0$aArgentina$xForeign relations$zGreat Britain.
=651  \0$aGreat Britain$xForeign relations$zArgentina.
=651  \0$aArgentina$xForeign relations$y20th century.
=651  \0$aGreat Britain$xForeign relations$y20th century.
=700  12$iContainer of (work):$aLanús, Juan Archibaldo.$tMalvinas a partir de la Segunda Guerra Mundial, 1945-1982.
=852  41$aBritish Library$bHMNTS$jYF.2019.a.16340
=856  41$uhttp://core.cambeiro.com.ar/0-182533-0.pdf
=CAT  \\$a9518$b40$c20190524$lBLL01$h1446
=CAT  \\$a11002$b40$c20190809$lBLL01$h1412
=FIN  \\$aY$d20190809
=FMT  \\$a  BK
=LAS  \\$a11002$b40$c20190809$lBLL01$h1412
=SRC  \\$aBLL02

