=LDR  01729 am a2200421 i 4500
=001  019415611
=003  Uk
=005  20190926110010.0
=008  170517s2016\\\\ag\a\\\\\\\\\\000\0\eng\d
=010  \\$a  2017371374
=020  \\$a9789879395967
=035  \\$a(AR-BaFGC)0-183441/0
=035  \\$a(OCoLC) 987733399
=040  \\$aAR-BaFGC$beng$cAR-BaFGC$dDLC$dUk$erda
=041  \\$aeng$aspa
=042  \\$aukblderived
=043  \\$alsfk---$as-ag---$ae-uk---
=050  00$aF3031.5$b.G75 2016
=245  00$aVoices of the tempest :$bmemories and traces of the Falklands War = Voces de la tempestad : recuerdos y vestigios de la guerra de Malvinas /$cphotography: Adriana Groisman ; introduction: Mark Sealy ; preface: Adriana Gorisman ; interviews to get testimonies: Adriana Groisman.
=246  31$aVoces de la tempestad
=264  \1$aBuenos Aires, Argentina :$bEdiciones Lariviére,$c[2016]
=300  \\$a540 pages :$billustrations (some color) ;$c36 cm
=336  \\$atext$2rdacontent
=337  \\$aunmediated$2rdamedia
=338  \\$avolume$2rdacarrier
=546  \\$aParallel texts in English and Spanish.
=650  \0$aFalkland Islands War, 1982$vPersonal narratives, Argentine.
=650  \0$aFalkland Islands War, 1982$vPersonal narratives, British.
=650  \0$aFalkland Islands War, 1982$vPersonal narratives, Falkland Islanders.
=700  1\$aGroisman, Adriana,$eeditor,$ephotographer,$einterviewer.
=852  41$aBritish Library$bHMNTS$jYD.2019.b.1109
=856  41$uhttp://core.cambeiro.com.ar/0-183441-0.pdf
=CAT  \\$a9518$b40$c20190524$lBLL01$h1539
=CAT  \\$a11002$b40$c20190926$lBLL01$h1100
=FIN  \\$aY$d20190926
=FMT  \\$a  BK
=LAS  \\$a11002$b40$c20190926$lBLL01$h1100
=SRC  \\$aBLL02

