=LDR  01460 am a2200421 i 4500
=001  019426557
=003  Uk
=005  20190810072837.0
=008  171110s2017\\\\ag\\\\\\\b\\\\000\0\spa\d
=010  \\$a  2017372171
=020  \\$a9789874412003
=035  \\$a(AR-BaFGC)0-145939/15
=035  \\$a(OCoLC) 1011455565
=040  \\$aAR-BaFGC$beng$cAR-BaFGC$dDLC$dUk$erda
=042  \\$aukblderived
=043  \\$as-ag---
=050  00$aF2849$b.K33 2017
=100  1\$aKabat, Marina,$eauthor.
=245  10$aPerónleaks :$buna relectura del peronismo a partir de sus documentos secretos, 1943-1955 /$cMarina Kabat.
=264  \1$aBuenos Aires, Argentina :$bEdiciones R y R,$c[2017]
=300  \\$a464 pages, 2 unnumbered pages ;$c20 cm.
=336  \\$atext$2rdacontent
=337  \\$aunmediated$2rdamedia
=338  \\$avolume$2rdacarrier
=490  0\$aInvestigaciones CEICS ;$v14
=504  \\$aIncludes bibliographical references (pages 447-464).
=650  \0$aPeronism$xHistory.
=650  \0$aBusinesspeople$zArgentina$xAttitudes.
=650  \0$aWorking class$zArgentina$xAttitudes.
=651  \0$aArgentina$xPolitics and government$y1943-1955.
=852  41$aBritish Library$bHMNTS$jYF.2019.a.16431
=856  41$uhttp://core.cambeiro.com.ar/0-145939-15.pdf
=CAT  \\$a9518$b40$c20190604$lBLL01$h1312
=CAT  \\$a11002$b40$c20190810$lBLL01$h0728
=FIN  \\$aY$d20190810
=FMT  \\$a  BK
=LAS  \\$a11002$b40$c20190810$lBLL01$h0728
=SRC  \\$aBLL02

