=LDR  01359 am a2200409 i 4500
=001  019498890
=003  Uk
=005  20200129080939.0
=008  170726s2017\\\\ag\a\\\\\b\\\\000\0\spa\d
=010  \\$a  2017371959
=020  \\$a9789874604774
=035  \\$a(AR-BaFGC)0-188506/0
=035  \\$a(OCoLC) 995880917
=040  \\$aAR-BaFGC$beng$cAR-BaFGC$dDLC$dUk$erda
=042  \\$aukblderived
=043  \\$as-ag---$as-bl---
=050  00$aPN3203$b.C37 2017
=100  1\$aCarreira, André,$eauthor.
=245  10$aTeatro de invasión :$bla ciudad como dramaturgia /$cAndré Carreira.
=264  \1$aCórdoba, Argentina :$bEdiciones Documenta/Escénicas,$c[2017]
=300  \\$a231 pages :$billustrations ;$c24 cm
=336  \\$atext$2rdacontent
=337  \\$aunmediated$2rdamedia
=338  \\$avolume$2rdacarrier
=504  \\$aIncludes bibliographical references (pages 229-231).
=650  \0$aStreet theater.
=650  \0$aStreet theater$zBrazil.
=650  \0$aStreet theater$zArgentina.
=852  41$aBritish Library$bHMNTS$jYF.2020.a.2057
=856  41$uhttp://core.cambeiro.com.ar/0-188506-0.pdf
=CAT  \\$a11131$b40$c20190807$lBLL01$h1207
=CAT  \\$a15184$b40$c20200128$lBLL01$h1416
=CAT  \\$a10904$b40$c20200129$lBLL01$h0809
=FIN  \\$aY$d20200128
=FMT  \\$a  BK
=LAS  \\$a10904$b40$c20200129$lBLL01$h0809
=SRC  \\$aBLL02

