=LDR  01760 am a2200493 i 4500
=001  019499804
=003  Uk
=005  20191019062818.0
=008  170718s2017\\\\ag\\\\\\\\\\\\000\0dspa\d
=010  \\$a  2017371982
=020  \\$a9789870295426
=020  \\$a9870295428
=035  \\$a(OCoLC)994358548
=040  \\$aAR-BaFGC$beng$cDLC$dOCLCF$dOCLCO$dUk$erda
=042  \\$aukblderived
=043  \\$as-ag---
=050  00$aF2810$b.J56 2017
=100  1\$aJiménez, Diego M.$q(Diego Miguel),$einterviewer.
=245  10$a18 conversaciones de un lector /$cDiego M. Jiménez ; ed. literaria Diana Arias.
=246  3\$aDieciocho conversaciones de un lector
=264  \1$aBuenos Aires :$bEditorial Dunken,$c2017.
=300  \\$a211 pages ;$c23 cm
=336  \\$atext$2rdacontent
=337  \\$aunmediated$2rdamedia
=338  \\$avolume$2rdacarrier
=650  \0$aIntellectuals$zArgentina$vInterviews.
=650  \0$aSocial scientists$zArgentina$vInterviews.
=650  \7$aIntellectual life.$2fast$0(OCoLC)fst00975769
=650  \7$aIntellectuals.$2fast$0(OCoLC)fst00975799
=650  \7$aSocial conditions.$2fast$0(OCoLC)fst01919811
=650  \7$aSocial scientists.$2fast$0(OCoLC)fst01123063
=651  \0$aArgentina$xIntellectual life.
=651  \0$aArgentina$xSocial conditions.
=651  \7$aArgentina.$2fast$0(OCoLC)fst01205614
=655  \7$aInterviews.$2fast$0(OCoLC)fst01423832
=852  41$aBritish Library$bHMNTS$jYF.2019.a.22218
=856  41$uhttp://core.cambeiro.com.ar/0-186946-0.pdf
=CAT  \\$a11131$b40$c20190808$lBLL01$h1153
=CAT  \\$a11002$b40$c20191019$lBLL01$h0627
=CAT  \\$a11002$b40$c20191019$lBLL01$h0628
=FIN  \\$aY$d20191019
=FMT  \\$a  BK
=LAS  \\$a11002$b40$c20191019$lBLL01$h0628
=SID  \\$aZ39$bOCLC

