=LDR  02235cam a2200601 i 4500
=001  019499810
=003  Uk
=005  20230223171004.0
=008  170804s2017\\\\ag\\\\\\\b\\\\000\0dspa\d
=010  \\$a  2017372566
=020  \\$a9789873793851$q(ISBN Argentina)
=020  \\$a9873793852
=020  \\$a9788415851820$q(ISBN España)
=020  \\$a8415851820
=035  \\$a(OCoLC)1000354373
=040  \\$aAR-BaFGC$beng$cDLC$dCUY$dMNU$dSTF$dOCLCF$dFXG$dTJC$dAU@$dARFGC$dOCL$dUk$dOCLCO$erda
=042  \\$aukblderived
=050  00$aPQ7797.U83$bA6 2017
=100  1\$aUrondo, Francisco,$eauthor.
=240  10$aWorks.$kSelections
=245  10$aEnsayos :$bartículos y reseñas, 1953-1974 /$cFrancisco Urondo ; investigación, selección de textos y prólogo de Osvaldo Aguirre.
=250  \\$a1a edición en Argentina.
=250  \\$a1a edición en España.
=264  \1$a[Buenos Aires] :$bAdriana Hidalgo Editora,$c2017.
=300  \\$a304 pages ;$c23 cm.
=336  \\$atext$2rdacontent
=337  \\$aunmediated$2rdamedia
=338  \\$avolume$2rdacarrier
=490  1\$aLa lengua / Biblioteca Urondo
=500  \\$a"Apéndice": pages 265-288.
=500  \\$a"Cronología de Francisco Urondo": pages 289-304.
=504  \\$aIncludes bibliographical references.
=648  \7$a1900-1999$2fast
=650  \0$aEssays.
=650  \0$aArgentine literature$y20th century.
=650  \0$aArgentine poetry$y20th century.
=650  \7$aEssays.$2fast$0(OCoLC)fst00915437
=650  \7$aArgentine poetry.$2fast$0(OCoLC)fst00814289
=650  \7$aArgentine literature.$2fast$0(OCoLC)fst00814270
=655  \7$aEssays.$2fast$0(OCoLC)fst01919922
=655  \7$aReviews.$2fast$0(OCoLC)fst01423760
=700  1\$aAguirre, Osvaldo,$d1964-$eeditor.
=830  \0$aLengua.$pBiblioteca Urondo.
=852  41$aBritish Library$bHMNTS$jYF.2019.a.19954
=856  41$uhttp://core.cambeiro.com.ar/0-174028-5.pdf
=985  \\$aUpdated by MS generated file for WR2302-017
=CAT  \\$a11131$b40$c20190808$lBLL01$h1159
=CAT  \\$a11131$b40$c20190917$lBLL01$h1421
=CAT  \\$aW2302-0174$c20230223$lBLL01$h2041
=FIN  \\$aY$d20190917
=FMT  \\$a  BK
=LAS  \\$aW2302-0174$b00$c20230223$lBLL01$h2041
=SID  \\$aZ39$bOCLC

