=LDR  01464 am a2200421 i 4500
=001  019611315
=003  Uk
=005  20200127145035.0
=008  150630s2015\\\\ag\\\\\\\b\\\\000\0\spa\d
=010  \\$a  2014512431
=020  \\$a9789873677205
=035  \\$a(AR-BaFGC)0-178917/0
=040  \\$aAR-BaFGC$beng$cAR-BaFGC$dDLC$dUk$erda
=042  \\$aukblderived
=043  \\$as-ag---$alsfk---$ae-uk---
=050  00$aF3031.5$b.M563 2015
=100  1\$aMiranda, Sebastián,$eauthor.
=245  10$aJordán Bruno Genta y la gesta de Malvinas /$cSebastián Miranda ; prólogo, Nicolás Kazansew.
=264  \1$aBuenos Aires :$bGrupo Unión & Ediciones Soberanía,$c2015.
=300  \\$a121 pages ;$c17 cm
=336  \\$atext$2rdacontent
=337  \\$aunmediated$2rdamedia
=338  \\$avolume$2rdacarrier
=504  \\$aIncludes bibliographical references (pages 114-117).
=600  10$aGenta, Jordán B.$xInfluence.
=610  10$aArgentina.$bFuerza Aérea$xOfficers.
=650  \0$aFalkland Islands War, 1982.
=650  \0$aCourage$xPhilosophy.
=651  \0$aArgentina$xArmed Forces$xOfficers.
=852  41$aBritish Library$bHMNTS$jYF.2020.a.1917
=856  41$uhttp://core.cambeiro.com.ar/0-178917-0.pdf
=CAT  \\$a9518$b40$c20191113$lBLL01$h1048
=CAT  \\$a15184$b40$c20200127$lBLL01$h1449
=CAT  \\$a15184$b40$c20200127$lBLL01$h1450
=FIN  \\$aY$d20200127
=FMT  \\$a  BK
=LAS  \\$a15184$b40$c20200127$lBLL01$h1450
=SRC  \\$aBLL02

