=LDR  01567 am a2200433 a 4500
=001  016240068
=003  Uk
=005  20130529074400.0
=008  111004s2011\\\\ag\a\\\\\b\\\\000\0\spa\d
=010  \\$a  2011438646
=020  \\$a9789871354818
=035  \\$a(AR-BaFGC)0-163334/6
=040  \\$aAR-BaFGC$cAR-BaFGC$dDLC$dUk
=042  \\$aukblderived
=043  \\$acl-----$acc-----
=050  00$aHC125.A422$bA43 2011
=082  00$a337.1/8$223
=245  00$aALBA--¿una nueva forma de integración regional? /$cJosette Altmann Borbón, editora.
=260  \\$aBuenos Aires :$bTeseo :$bOIRLA :$bFundación Carolina, CeALCI :$bFLACSO,$cc2011.
=300  \\$a241 p. :$bill. ;$c20 cm.
=336  \\$atext$2rdacontent
=337  \\$aunmediated$2rdamedia
=338  \\$avolume$2rdacarrier
=490  0\$aRelaciones internacionales. América Latina y el Caribe
=504  \\$aIncludes bibliographical references (p. [189]-203).
=610  20$aAlternativa Bolivariana para las Américas (Organization)
=651  \0$aLatin America$xEconomic integration.
=651  \0$aCaribbean Area$xEconomic integration.
=690  7\$aManagement and Business Studies$2blcoll
=700  1\$aAltmann Borbón, Josette.
=852  41$aBritish Library$bHMNTS$jYF.2013.a.10332
=856  41$uhttp://core.cambeiro.com.ar/0-163334-6.pdf
=CAT  \\$a9518$b40$c20130102$lBLL01$h1656
=CAT  \\$a11002$b40$c20130529$lBLL01$h0744
=CAT  \\$aBATCH-MBS$c20130607$lBLL01$h2123
=FIN  \\$aY$d20130529
=FMT  \\$a  BK
=LAS  \\$aBATCH-MBS$b00$c20130607$lBLL01$h2123
=SRC  \\$aBLL02

