=LDR  01532 am a22004457a 4500
=001  016240975
=003  Uk
=005  20150514144930.0
=008  120118s2011\\\\ag\a\\\\\b\\\\000\0\spa\d
=010  \\$a  2011439049
=020  \\$a9789871354993
=020  \\$a9871354991
=035  \\$a(OCoLC)793426513
=040  \\$aAR-BaFGC$beng$cDLC$dN15$dCGU$dOCLCO$dQGK$dOCLCO$dUk
=042  \\$aukblderived
=043  \\$an-mx---
=050  00$aJL1298.A1$bR49 2011
=100  1\$aReynoso, Diego.
=245  10$aestrategia dominante :$balianzas electorales en los estados mexicanos, 1988-2011 /$cDiego Reynoso.
=260  \\$aBuenos Aires :$bTeseo :$bFLACSO Argentina,$c2011.
=300  \\$a298 p. :$bill. ;$c20 cm.
=336  \\$atext$2rdacontent
=337  \\$aunmediated$2rdamedia
=338  \\$avolume$2rdacarrier
=490  1\$aCiencias políticas
=504  \\$aIncludes bibliographical references (p. 285-298).
=650  \0$aElectoral coalitions$zMexico$xStates.
=650  \0$aElections$zMexico$xStates.
=651  \0$aMexico$xPolitics and government$y1988-2000.
=651  \0$aMexico$xPolitics and government$y2000-
=830  \0$aCiencias políticas (Teseo (Firm))
=852  41$aBritish Library$bHMNTS$jYF.2015.a.9675
=856  41$uhttp://core.cambeiro.com.ar/0-155639-5.pdf
=CAT  \\$a9518$b40$c20130104$lBLL01$h1126
=CAT  \\$a11131$b40$c20150514$lBLL01$h1449
=CAT  \\$aWR14_128$c20160226$lBLL01$h1626
=FIN  \\$aY$d20150514
=FMT  \\$a  BK
=LAS  \\$aWR14_128$b00$c20160226$lBLL01$h1626
=SID  \\$aZ39$bOCLC

