=LDR  01310 am a2200361 i 4500
=001  016241017
=003  Uk
=005  20151212061118.0
=008  110927s2010\\\\ag\a\\\\\b\\\\001\0dspa\d
=010  \\$a  2011438581
=020  \\$a9789879940914
=035  \\$a(AR-BaFGC)0-160420/0
=040  \\$aAR-BaFGC$cAR-BaFGC$dDLC
=042  \\$aukblcatcopy
=043  \\$as-ag---
=050  00$aF2849.P37$bC56 2010
=100  1\$aMartín Cloppet, Ignacio.
=245  14$aLos orígenes de Juan D. Perón y Eva Duarte :$b¿dónde nació Juan D. Perón? : descubrimientos documentales reveladores /$cIgnacio Martín Cloppet.
=260  \\$aBuenos Aires :$bAlfar Editora,$cc2010.
=300  \\$a365 p. :$bill. ;$c23 cm.
=504  \\$aIncludes bibliographical references (p. [339]-343) and index.
=600  10$aPerón, Juan Domingo,$d1895-1974$xFamily.
=600  10$aPerón, Eva,$d1919-1952$xFamily.
=651  \0$aArgentina$vGenealogy.
=852  41$aBritish Library$bHMNTS$jYF.2015.a.26221
=856  41$uhttp://core.cambeiro.com.ar/0-160420-0.pdf
=CAT  \\$a9518$b40$c20130104$lBLL01$h1200
=CAT  \\$aBATCH-UPD$b40$c20140208$lBLL01$h1905
=CAT  \\$aFIX-001$c20151007$lBLL01$h1807
=CAT  \\$a11002$b40$c20151212$lBLL01$h0611
=FMT  \\$a  BK
=LAS  \\$a11002$b40$c20151212$lBLL01$h0611
=SRC  \\$aBLL02

