=LDR  01200cam a22003734i 4500
=001  016250721
=003  Uk
=005  20130529081211.0
=008  120629s2012\\\\ag\\\\\\\\\\\\000\mdspa\d
=020  \\$a9789871421589
=020  \\$a9871421583
=035  \\$a(OCoLC)811124184
=040  \\$aAR-BaFGC$beng$cN15$dKKU$dTJC$dUk$erda
=042  \\$aukblderived
=050  \4$aPQ7798.13.O75$bA6 2012
=100  1\$aCostantini, Humberto.
=240  10$aWorks.$kSelections
=245  10$aPoesía y teatro :$bobra completa /$cHumberto Costantini.
=250  \\$aPrimera edición.
=264  \1$aBuenos Aires, Argentina :$bEdiciones ryr,$c2012.
=300  \\$a509 pages ;$c20 cm
=336  \\$atext$btxt$2rdacontent
=337  \\$aunmediated$bn$2rdamedia
=338  \\$avolume$bnc$2rdacarrier
=852  41$aBritish Library$bHMNTS$jYF.2013.a.10183
=856  41$uhttp://core.cambeiro.com.ar/0-165975-0.pdf
=CAT  \\$a8157$b40$c20130114$lBLL01$h1544
=CAT  \\$a11002$b40$c20130529$lBLL01$h0812
=CAT  \\$aBATCH-UPD$b40$c20170106$lBLL01$h2042
=CAT  \\$aW2308-1659$c20230923$lBLL01$h1001
=FIN  \\$aY$d20130529
=FMT  \\$a  BK
=LAS  \\$aW2308-1659$b00$c20230923$lBLL01$h1001
=SID  \\$aZ39$bOCLC

