=LDR  01678 am a2200457 a 4500
=001  016305155
=003  Uk
=005  20150707094855.0
=008  121005s2012\\\\ag\af\\\\\\\\\000\0\spa\d
=010  \\$a  2012519355
=020  \\$a9789872803209
=020  \\$a987280320X
=035  \\$a(OCoLC)832815564
=040  \\$aAR-BaFGC$beng$cDLC$dOCLCO$dUk
=042  \\$aukblderived
=043  \\$alsfk---$as-ag---
=050  00$aF3031.5$b.M363 2012
=100  1\$aMartínez Torrens, Vicente.
=245  10$aDios en las trincheras :$bdiario de guerra del Capellán Vicente Martínez Torrens /$cVicente Martínez Torrens.
=250  \\$a1. ed.
=260  \\$a[Argentina] :$bEdiciones Argentinidad,$c2012.
=300  \\$a264 p., [40] p. of plates :$bill. ;$c23 cm.
=336  \\$atext$2rdacontent
=337  \\$aunmediated$2rdamedia
=338  \\$avolume$2rdacarrier
=490  0\$aColección Malvinas
=500  \\$a1st. ed.: Bahía Blanca, Argentina : Archivo Histórico Salesiano de Patagonia, 2007.
=600  10$aMartínez Torrens, Vicente$vDiaries.
=650  \0$aFalkland Islands War, 1982$xReligious aspects$xCatholic Church.
=650  \0$aFalkland Islands War, 1982$vPersonal narratives, Argentine.
=650  \0$aMilitary chaplains$xCatholic Church.
=852  41$aBritish Library$bHMNTS$jYF.2015.a.13079
=856  41$uhttp://core.cambeiro.com.ar/0-159039-5.pdf
=CAT  \\$a8157$b40$c20130321$lBLL01$h1505
=CAT  \\$aBATCH-UPD$b40$c20130321$lBLL01$h1506
=CAT  \\$a11131$b40$c20150707$lBLL01$h0948
=CAT  \\$aWR14_128$c20160226$lBLL01$h1627
=FIN  \\$aY$d20150707
=FMT  \\$a  BK
=LAS  \\$aWR14_128$b00$c20160226$lBLL01$h1627
=SID  \\$aZ39$bOCLC

