=LDR  01573 am a22004334a 4500
=001  016415369
=003  Uk
=005  20150707083445.0
=008  121128s2012\\\\ag\\\\\\\b\\\\000\0dspa\d
=010  \\$a  2012377988
=020  \\$a9789871891030
=035  \\$a(AR-BaFGC)0-123088/8
=040  \\$aAR-BaFGC$cAR-BaFGC$dDLC$dUk
=042  \\$aukblderived
=050  00$aBL256$b.H56 2012
=100  1\$aHinkelammert, Franz J.$q(Franz Josef),$d1931-
=245  10$aTeología profana y pensamiento crítico /$cconversaciones con Franz Hinkelammert ; [entrevistadores] Estela Fernández Nadal, Gustavo David Silnik.
=250  \\$a1. ed.
=260  \\$aCiudad de Buenos Aires :$bCLACSO :$bEdiciones CICCUS,$c2012.
=300  \\$a188 p. ;$c23 cm.
=336  \\$atext$2rdacontent
=337  \\$aunmediated$2rdamedia
=338  \\$avolume$2rdacarrier
=490  0\$aColección Secretaría ejecutiva
=504  \\$aIncludes bibliographical references (p. 185-188).
=600  10$aHinkelammert, Franz J.$q(Franz Josef),$d1931-$vInterviews.
=650  \0$aTheological anthropology.
=700  1\$aFernández Nadal, Estela,$d1958-
=700  1\$aSilnik, Gustavo David.
=852  41$aBritish Library$bHMNTS$jYF.2015.a.13027
=856  41$uhttp://core.cambeiro.com.ar/0-123088-8.pdf
=CAT  \\$a8157$b40$c20130520$lBLL01$h1612
=CAT  \\$a10904$b40$c20150707$lBLL01$h0834
=CAT  \\$aBATCH-UPD$b40$c20150707$lBLL01$h0836
=CAT  \\$aWR14_128$c20160226$lBLL01$h1627
=FIN  \\$aY$d20150707
=FMT  \\$a  BK
=LAS  \\$aWR14_128$b00$c20160226$lBLL01$h1627
=SRC  \\$aBLL02

