=LDR  01946 am a22004937a 4500
=001  016415630
=003  Uk
=005  20150703141150.0
=008  110622s2011\\\\ag\a\\\\\b\\\\000\0\spa\d
=020  \\$a9789871172689
=020  \\$a9871172680
=035  \\$a(OCoLC)777773644
=040  \\$aAR-BaFGC$cN15$dTJC$dOCLCF$dOCLCO$dUk
=041  0\$aspa$apor
=042  \\$aukblderived
=043  \\$acl-----
=050  \4$aLC191.98.L38$bD46 2011
=245  03$aLa democratización de la educación superior en América Latina :$blímites y posibilidades /$cNorberto Fernández Lamarra, Maria de Fátima Costa de Paula, compiladores.
=250  \\$a1. ed.
=260  \\$a[Sáenz Peña, Argentina] :$bEDUNTREF, Editorial de la Universidad Nacional de Tres de Febrero,$c2011.
=300  \\$a231 p. :$bill. ;$c26 cm
=336  \\$atext$2rdacontent
=337  \\$aunmediated$2rdamedia
=338  \\$avolume$2rdacarrier
=504  \\$aIncludes bibliographical references.
=546  \\$aMost contributions in Spanish; three in Portuguese.
=650  \0$aEducation, Higher$xSocial aspects$zLatin America.
=650  \0$aEducational equalization$zLatin America.
=650  \0$aHigher education and state$zLatin America.
=650  \7$aEducation, Higher$xSocial aspects.$2fast$0(OCoLC)fst00903107
=650  \7$aEducational equalization.$2fast$0(OCoLC)fst00903418
=650  \7$aHigher education and state.$2fast$0(OCoLC)fst00956548
=651  \7$aLatin America.$2fast$0(OCoLC)fst01245945
=700  1\$aFernández Lamarra, Norberto.
=700  1\$aPaula, Maria de Fátima Costa de.
=852  41$aBritish Library$bHMNTS$jYF.2015.b.1201
=856  41$uhttp://core.cambeiro.com.ar/0-162753-0.pdf
=CAT  \\$a6503$b40$c20130521$lBLL01$h1116
=CAT  \\$a11131$b40$c20150703$lBLL01$h1411
=CAT  \\$aWR14_128$c20160226$lBLL01$h1627
=FIN  \\$aY$d20150703
=FMT  \\$a  BK
=LAS  \\$aWR14_128$b00$c20160226$lBLL01$h1627
=SID  \\$aZ39$bOCLC

