=LDR  02115 am a2200517 a 4500
=001  016415678
=003  Uk
=005  20150518100326.0
=008  121011s2012\\\\ag\\\\\\\b\\\\000\0\spa\d
=020  \\$a9789871497539
=020  \\$a9871497539
=035  \\$a(OCoLC)834971817
=040  \\$aAR-BaFGC$beng$cN15$dOCLCO$dOCLCF$dCUS$dUk
=042  \\$aukblderived
=043  \\$as-ag---
=050  \4$aHD9506.A73$bC38 2012
=245  00$aPor el oro y el moro :$bexplotación minera y resistencias en Catamarca, Córdoba y La Rioja /$cMaría Alejandra Ciuffolini, compiladora ; María Cecilia Alonso ... [et al.].
=260  \\$aBuenos Aires :$bEditorial El Colectivo,$c2012.
=300  \\$a208 pages ;$c22 cm.
=336  \\$atext$2rdacontent
=337  \\$aunmediated$2rdamedia
=338  \\$avolume$2rdacarrier
=490  0\$aColección Ensayo e investigación
=504  \\$aIncludes bibliographical references.
=650  \0$aMineral industries$zArgentina$zCatamarca (Province)
=650  \0$aMineral industries$zArgentina$zCórdoba (Province)
=650  \0$aMineral industries$zArgentina$zLa Rioja.
=650  \0$aSocial movements$zArgentina$zCatamarca (Province)
=650  \0$aSocial movements$zArgentina$zCórdoba (Province)
=650  \0$aSocial movements$zArgentina$zLa Rioja (Province)
=650  \7$aMineral industries.$2fast$0(OCoLC)fst01022218
=650  \7$aSocial movements.$2fast$0(OCoLC)fst01122657
=651  \7$aArgentina$zCatamarca (Province)$2fast$0(OCoLC)fst01331267
=651  \7$aArgentina$zCórdoba (Province)$2fast$0(OCoLC)fst01330489
=651  \7$aArgentina$zLa Rioja.$2fast$0(OCoLC)fst01221587
=651  \7$aArgentina$zLa Rioja (Province)$2fast$0(OCoLC)fst01330546
=700  1\$aCiuffolini, María Alejandra.
=852  41$aBritish Library$bHMNTS$jYF.2015.a.9928
=856  41$uhttp://core.cambeiro.com.ar/0-162627-4.pdf
=CAT  \\$a8157$b40$c20130521$lBLL01$h1218
=CAT  \\$a5703$b40$c20150518$lBLL01$h1003
=CAT  \\$aWR14_128$c20160226$lBLL01$h1627
=FIN  \\$aY$d20150518
=FMT  \\$a  BK
=LAS  \\$aWR14_128$b00$c20160226$lBLL01$h1627
=SID  \\$aZ39$bOCLC

