=LDR  01366 am a22003857a 4500
=001  016415679
=003  Uk
=005  20150518100751.0
=008  111102s2011\\\\ag\a\\\\\b\\\f000\0\spa\d
=010  \\$a  2011438766
=020  \\$a9789872648121
=035  \\$a(AR-BaFGC)0-164274/0
=040  \\$aAR-BaFGC$cAR-BaFGC$dDLC$dUk
=042  \\$aukblcatcopy
=043  \\$as-ag---
=050  00$aLE21.C72$bB46 2011
=100  1\$aBenito Moya, Silvano G. A.
=245  13$aLa Universidad de Córdoba en tiempos de reformas :$b1701-1810 /$cSilvano G. A. Benito Moya.
=260  \\$aCórdoba, Argentina :$bCentro de Estudios Históricos "Prof. Carlos S. A. Segreti" :$bCONICET,$c2011.
=300  \\$a414 pages :$billustrations ;$c25 cm.
=336  \\$atext$2rdacontent
=337  \\$aunmediated$2rdamedia
=338  \\$avolume$2rdacarrier
=504  \\$aIncludes bibliographical references.
=610  20$aUniversidad Nacional de Córdoba$xHistory$y18th century.
=650  \0$aEducation, Higher$zArgentina$xHistory.
=852  41$aBritish Library$bHMNTS$jYF.2015.a.9936
=856  41$uhttp://core.cambeiro.com.ar/0-164274-0.pdf
=CAT  \\$a6503$b40$c20130521$lBLL01$h1220
=CAT  \\$a5703$b40$c20150518$lBLL01$h1007
=CAT  \\$aWR14_128$c20160226$lBLL01$h1627
=FIN  \\$aY$d20150518
=FMT  \\$a  BK
=LAS  \\$aWR14_128$b00$c20160226$lBLL01$h1627
=SRC  \\$aBLL02

