=LDR  01716 am a22004457a 4500
=001  016415713
=003  Uk
=005  20150706114236.0
=008  120817s2012\\\\ag\\\\\\\b\\\\000\0\spa\d
=020  \\$a9789871855100
=020  \\$a9871855109
=035  \\$a(OCoLC)813226940
=040  \\$aAR-BaFGC$beng$cN15$dOCLCQ$dNDD$dOCLCF$dOCLCO$dOCL$dUk
=042  \\$aukblderived
=043  \\$as-ag---
=050  \4$aJZ1238.A74$bS56 2012
=100  10$aSimonoff, Alejandro.
=245  10$aTeorías en movimiento :$blos orígenes disciplinares de la política exterior y sus interpretaciones históricas /$cAlejandro Simonoff.
=260  \\$aRosario [Argentina] :$bProhistoria Ediciones,$c2012.
=300  \\$a147 pages ;$c23 cm.
=336  \\$atext$2rdacontent
=337  \\$aunmediated$2rdamedia
=338  \\$avolume$2rdacarrier
=490  1\$aColección Universidad ;$v13
=504  \\$aIncludes bibliographical references (p. [137]-147).
=650  \0$aInternational relations$xStudy and teaching$zArgentina.
=650  \7$aDiplomatic relations$xPhilosophy.$2fast$0(OCoLC)fst01910431
=650  \7$aInternational relations$xStudy and teaching.$2fast$0(OCoLC)fst00977091
=651  \0$aArgentina$xForeign relations$xPhilosophy.
=651  \7$aArgentina.$2fast$0(OCoLC)fst01205614
=830  \0$aColección Universidad (Prohistoria Ediciones) ;$v13.
=852  41$aBritish Library$bHMNTS$jYF.2015.a.12885
=856  41$uhttp://core.cambeiro.com.ar/0-162799-12.pdf
=CAT  \\$a8157$b40$c20130521$lBLL01$h1314
=CAT  \\$a5703$b40$c20150706$lBLL01$h1142
=CAT  \\$aWR14_128$c20160226$lBLL01$h1627
=FIN  \\$aY$d20150706
=FMT  \\$a  BK
=LAS  \\$aWR14_128$b00$c20160226$lBLL01$h1627
=SID  \\$aZ39$bOCLC

