=LDR  01400 am a2200409 a 4500
=001  016415777
=003  Uk
=005  20150707081412.0
=008  120328s2011\\\\ag\\\\\\\b\\\\000\0\spa\d
=010  \\$a  2012377240
=020  \\$a9789871304998
=035  \\$a(AR-BaFGC)0-121783/17
=040  \\$aAR-BaFGC$cAR-BaFGC$dDLC$dUk
=042  \\$aukblcatcopy
=043  \\$as-ag---
=050  00$aF2958$b.T73 2011
=245  00$aTravesía discursiva :$brepresentaciones identitarias en Salta, siglos XVIII-XXI /$cSara Mata, Zulma Palermo, compiladoras.
=260  \\$aRosario [Argentina] :$bProhistoria Ediciones,$c2011.
=300  \\$a207 pages ;$c23 cm.
=336  \\$atext$2rdacontent
=337  \\$aunmediated$2rdamedia
=338  \\$avolume$2rdacarrier
=490  0\$aColección Actas,$x1668-5369 ;$v18
=504  \\$aIncludes bibliographical references.
=650  \0$aDiscourse analysis$zArgentina$zSalta (Province)
=651  \0$aSalta (Argentina : Province)$xHistory.
=700  1\$aMata de López, Sara.
=700  1\$aPalermo, Zulma.
=852  41$aBritish Library$bHMNTS$jYF.2015.a.12953
=856  41$uhttp://core.cambeiro.com.ar/0-121783-17.pdf
=CAT  \\$a6503$b40$c20130521$lBLL01$h1443
=CAT  \\$a5703$b40$c20150707$lBLL01$h0814
=CAT  \\$aWR14_128$c20160226$lBLL01$h1627
=FIN  \\$aY$d20150707
=FMT  \\$a  BK
=LAS  \\$aWR14_128$b00$c20160226$lBLL01$h1627
=SRC  \\$aBLL02

