=LDR  01299 am a2200397 a 4500
=001  016415785
=003  Uk
=005  20150702135521.0
=008  130222s2012\\\\ag\\\\\\\b\\\\000\0dspa\d
=010  \\$a  2012519956
=020  \\$a9789871677788
=035  \\$a(AR-BaFGC)0-168926/0
=040  \\$aAR-BaFGC$cAR-BaFGC$dDLC$dUk
=042  \\$aukblderived
=043  \\$as-ag---
=050  00$aPN1995.9.A7$bN45 2012
=100  1\$aNeifert, Agustín.
=245  10$aRosas y su época en el cine argentino /$cAgustín Neifert.
=260  \\$a[Buenos Aires?] :$bEdiciones Fabro,$c2012.
=300  \\$a422 p. ;$c22 cm
=336  \\$atext$2rdacontent
=337  \\$aunmediated$2rdamedia
=338  \\$avolume$2rdacarrier
=504  \\$aIncludes bibliographical references (p. [413]-418).
=600  10$aRosas, Juan Manuel de,$d1793-1877$xIn motion pictures.
=650  \0$aHistorical films$zArgentina.
=651  \0$aArgentina$xHistory$y1817-1860.
=852  41$aBritish Library$bHMNTS$jYF.2015.a.12783
=856  41$uhttp://core.cambeiro.com.ar/0-168926-0.pdf
=CAT  \\$a8157$b40$c20130521$lBLL01$h1451
=CAT  \\$a10904$b40$c20150702$lBLL01$h1355
=CAT  \\$aWR14_128$c20160226$lBLL01$h1627
=FIN  \\$aY$d20150702
=FMT  \\$a  BK
=LAS  \\$aWR14_128$b00$c20160226$lBLL01$h1627
=SRC  \\$aBLL02

