=LDR  02117 am a2200457 a 4500
=001  016415805
=003  Uk
=005  20150706114658.0
=008  120328s2011\\\\ag\\\\\\\b\\\\000\0\spa\d
=020  \\$a9789871855070
=020  \\$a9871855079
=035  \\$a(OCoLC)794494885
=040  \\$aAR-BaFGC$cN15$dEMU$dOCLCO$dUk
=042  \\$aukblderived
=043  \\$as-ag---
=050  \4$aBX4220.A7$bU45 2011
=100  1\$aUlloque, Marcelo,$d1969-
=245  10$aAsilar a las niñas :$bla construcción de un espacio de género (Rosario, 1935-1955) /$cMarcelo Ulloque.
=260  \\$aRosario [Argentina] :$bProhistoria Ediciones,$c2011.
=300  \\$a136 p. ;$c23 cm.
=336  \\$atext$2rdacontent
=337  \\$aunmediated$2rdamedia
=338  \\$avolume$2rdacarrier
=490  1\$aColección Universidad ;$v9
=504  \\$aIncludes bibliographical references (p. [125]-136).
=505  0\$aAgradecimientos -- Prólogo / de Gabriela Dalla-Corte Caballero -- Introducción -- Capítulo I. Las oblatas y sus mondos -- Capítulo II. Poder Local, Poder Familiar -- Capítulo III. Múltiples mudanzas : cambio espacial e intervención estatal -- Capítulo IV. El asilo durante la década peronista -- Capítulo V. La vida en comunidad -- Conclusiones -- Anexo -- Fuentes -- Bibliografía.
=610  20$aHermanas Oblatas del Santísimo Redentor.$bCasa de Rosario (Argentina)$xHistory.
=610  20$aHermanas Oblatas del Santísimo Redentor.$bAsilo "Nuestra Señora del Rosario."$xHistory.
=650  \0$aChurch work with orphans$xCatholic Church.
=650  \0$aNuns$zArgentina$zRosario (Santa Fe)$vInterviews.
=651  \0$aRosario (Santa Fe, Argentina)$xHistory.
=830  \0$aColección Universidad (Prohistoria Ediciones) ;$v9.
=852  41$aBritish Library$bHMNTS$jYF.2015.a.12884
=856  41$uhttp://core.cambeiro.com.ar/0-162799-7.pdf
=CAT  \\$a6503$b40$c20130521$lBLL01$h1524
=CAT  \\$a5703$b40$c20150706$lBLL01$h1146
=CAT  \\$aWR14_128$c20160226$lBLL01$h1627
=FIN  \\$aY$d20150706
=FMT  \\$a  BK
=LAS  \\$aWR14_128$b00$c20160226$lBLL01$h1627
=SID  \\$aZ39$bOCLC

