=LDR  01644 am a22004337a 4500
=001  016415828
=003  Uk
=005  20150707120631.0
=008  120606s2012\\\\ag\\\\\\\b\\\\000\0dspa\d
=020  \\$a9789871855124
=020  \\$a9871855125
=035  \\$a(OCoLC)805394217
=040  \\$aAR-BaFGC$beng$cN15$dOCLCO$dCGU$dUk
=042  \\$aukblderived
=043  \\$as-ag---
=050  \4$aHV4070.B84$bM67 2012
=100  1\$aMoreno, José Luis.
=245  13$aUn asilo para los pobres :$blos mendigos y sus historias de vida : Buenos Aires a mediados del siglo XIX /$cJosé Luis Moreno.
=260  \\$aRosario [Argentina] :$bProhistoria Ediciones,$c2012.
=300  \\$a122 p. ;$c23 cm.
=336  \\$atext$2rdacontent
=337  \\$aunmediated$2rdamedia
=338  \\$avolume$2rdacarrier
=490  1\$aColección Crónicas urbanas,$x1669-5364 ;$v11
=504  \\$aIncludes bibliographical references.
=610  20$aAsilo de Mendigos de la Ciudad de Buenos Aires (Argentina)$xHistory$y19th century.
=650  \0$aPoor$zArgentina$zBuenos Aires$xHistory$y19th century.
=650  \0$aBeggars$zArgentina$zBuenos Aires$xHistory$y19th century.
=651  \0$aBuenos Aires (Argentina)$xSocial policy$xHistory$y19th century.
=830  \0$aColección Crónicas urbanas ;$v11.
=852  41$aBritish Library$bHMNTS$jYF.2015.a.13083
=856  41$uhttp://core.cambeiro.com.ar/0-98623-11.pdf
=CAT  \\$a6503$b40$c20130521$lBLL01$h1547
=CAT  \\$a11131$b40$c20150707$lBLL01$h1206
=CAT  \\$aWR14_128$c20160226$lBLL01$h1627
=FIN  \\$aY$d20150707
=FMT  \\$a  BK
=LAS  \\$aWR14_128$b00$c20160226$lBLL01$h1627
=SID  \\$aZ39$bOCLC

