=LDR  02231 am a22006017a 4500
=001  016415841
=003  Uk
=005  20150706092534.0
=008  120529s2012\\\\ag\\\\\\\b\\\\000\0bspa\d
=010  \\$a  2012377507
=020  \\$a9789870423331
=020  \\$a9870423337
=035  \\$a(OCoLC)805394221
=040  \\$aAR-BaFGC$beng$cDLC$dN15$dGZM$dCHVBK$dOCLCF$dOCLCO$dOCL$dOCLCO$dUk
=042  \\$aukblderived
=043  \\$as-uy---$as-ag---
=050  00$aF2725.A7$bO36 2012
=100  1\$aO'Donnell, Pacho,$d1941-
=245  10$aArtigas :$bla versión popular de la Revolución de Mayo /$cPacho O'Donnell.
=250  \\$a1. ed.
=260  \\$aCiudad de Buenos Aires :$bAguilar,$c2012.
=300  \\$a250 p. ;$c24 cm
=336  \\$atext$2rdacontent
=337  \\$aunmediated$2rdamedia
=338  \\$avolume$2rdacarrier
=504  \\$aIncludes bibliographical references (p. 245-250).
=600  10$aArtigas, José Gervasio,$d1764-1850.
=600  17$aArtigas, José Gervasio,$d1764-1850$0(DE-588)118829181$2gnd
=600  17$aArtigas, José Gervasio,$d1764-1850$2fast$0(OCoLC)fst00000445
=648  \7$a1806 - 1830$2fast
=650  \0$aStatesmen$zUruguay$vBiography.
=650  \0$aStatesmen$zArgentina$vBiography.
=650  \7$aRevolution.$0(DE-588)4049680-6$2gnd
=650  \7$aUnabhängigkeit.$0(DE-588)4186820-1$2gnd
=650  \7$aPolitischer Wandel.$0(DE-588)4175047-0$2gnd
=650  \7$aStatesmen.$2fast$0(OCoLC)fst01131990
=651  \0$aUruguay$xHistory$y1810-1830.
=651  \0$aArgentina$xHistory$yWar of Independence, 1806-1817.
=651  \7$aUruguay.$0(DE-588)4062186-8$2gnd
=651  \7$aArgentina.$2fast$0(OCoLC)fst01205614
=651  \7$aUruguay.$2fast$0(OCoLC)fst01202667
=655  \7$aHistory.$2fast$0(OCoLC)fst01411628
=655  \7$aBiography.$2fast$0(OCoLC)fst01423686
=852  41$aBritish Library$bHMNTS$jYF.2015.a.12859
=856  41$uhttp://core.cambeiro.com.ar/0-165847-0.pdf
=CAT  \\$a6503$b40$c20130521$lBLL01$h1610
=CAT  \\$a11131$b40$c20150706$lBLL01$h0923
=CAT  \\$a11131$b40$c20150706$lBLL01$h0925
=CAT  \\$aWR14_128$c20160226$lBLL01$h1627
=FIN  \\$aY$d20150706
=FMT  \\$a  BK
=LAS  \\$aWR14_128$b00$c20160226$lBLL01$h1627
=SID  \\$aZ39$bOCLC

