=LDR  01347 am a22003977a 4500
=001  016415842
=003  Uk
=005  20150521104841.0
=008  120124s2011\\\\ag\\\\\\\b\\\\000\0dspa\d
=010  \\$a  2011439020
=020  \\$a9789876462525
=035  \\$a(AR-BaFGC)0-164388/0
=040  \\$aAR-BaFGC$cAR-BaFGC$dDLC$dUk
=042  \\$aukblderived
=043  \\$as-ag---
=050  00$aF2886$b.I58 2011
=245  00$aIntervenciones sobre el pasado /$cMarta Philp, compiladora ; [autores] Denise Reyna Berrotarán ... [et al.].
=260  \\$aCórdoba, República Argentina :$bAlción Editora,$cc2011.
=300  \\$a291 p. ;$c21 cm
=336  \\$atext$2rdacontent
=337  \\$aunmediated$2rdamedia
=338  \\$avolume$2rdacarrier
=504  \\$aIncludes bibliographical references.
=650  \0$aHistorians$zArgentina$zCórdoba (Province)
=651  \0$aCórdoba (Argentina : Province)$xHistoriography.
=651  \0$aArgentina$xHistoriography.
=700  1\$aPhilp, Marta.
=852  41$aBritish Library$bHMNTS$jYF.2015.a.10145
=856  41$uhttp://core.cambeiro.com.ar/0-164388-0.pdf
=CAT  \\$a6503$b40$c20130521$lBLL01$h1611
=CAT  \\$a11131$b40$c20150521$lBLL01$h1048
=CAT  \\$aWR14_128$c20160226$lBLL01$h1627
=FIN  \\$aY$d20150521
=FMT  \\$a  BK
=LAS  \\$aWR14_128$b00$c20160226$lBLL01$h1627
=SRC  \\$aBLL02

