=LDR  01456 am a22003974a 4500
=001  016416933
=003  Uk
=005  20150707075007.0
=008  120717s2012\\\\ag\\\\\\\b\\\\000\0\spa\d
=010  \\$a  2012377887
=020  \\$a9789504928973
=035  \\$a(AR-BaFGC)0-166716/0
=040  \\$aAR-BaFGC$cAR-BaFGC$dDLC$dUk
=042  \\$aukblderived
=043  \\$as-ag---
=050  00$aHD9433.A7$bT37 2012
=100  1\$aTarruella, Alejandro C.,$d1948-
=245  10$aHistoria de la Sociedad Rural Argentina :$bde la colonización española a nuestros días : radiografía de la oligarquía terrateniente /$cAlejandro C. Tarruella.
=260  \\$aC.A.B.A. [i.e. Ciudad Autónoma de Buenos Aires] :$bPlaneta,$cc2012.
=300  \\$a435 p. ;$c23 cm
=336  \\$atext$2rdacontent
=337  \\$aunmediated$2rdamedia
=338  \\$avolume$2rdacarrier
=504  \\$aIncludes bibliographical references (p. 397-435).
=610  20$aSociedad Rural Argentina$xHistory.
=650  \0$aCattle trade$xGovernment policy$zArgentina$xHistory.
=651  \0$aArgentina$xPolitics and government$y1810-
=852  41$aBritish Library$bHMNTS$jYF.2015.a.13012
=856  41$uhttp://core.cambeiro.com.ar/0-166716-0.pdf
=CAT  \\$a6503$b40$c20130522$lBLL01$h1636
=CAT  \\$a10904$b40$c20150707$lBLL01$h0750
=CAT  \\$aWR14_128$c20160226$lBLL01$h1627
=FIN  \\$aY$d20150707
=FMT  \\$a  BK
=LAS  \\$aWR14_128$b00$c20160226$lBLL01$h1627
=SRC  \\$aBLL02

