=LDR  01378 am a22004097a 4500
=001  016417139
=003  Uk
=005  20150521143913.0
=008  120813s2012\\\\ag\a\\\\\b\\\\001\0\spa\d
=010  \\$a  2012377886
=020  \\$a9789501227376
=035  \\$a(AR-BaFGC)0-57801/22
=040  \\$aAR-BaFGC$cAR-BaFGC$dDLC$dUk
=042  \\$aukblcatcopy
=050  00$aPN1995.9.C513$bT57 2012
=100  1\$aTirri, Néstor,$d1939-
=245  13$aEl transeúnte inmóvil :$bla perspectiva urbana en el cine /$cNéstor Tirri.
=250  \\$a1a ed.
=260  \\$aBuenos Aires :$bPaidós,$c2012.
=300  \\$a352 p. :$bill. ;$c22 cm.
=336  \\$atext$2rdacontent
=337  \\$aunmediated$2rdamedia
=338  \\$avolume$2rdacarrier
=490  0\$aBiblioteca Estudios de comunicación ;$v37
=504  \\$aIncludes bibliographical references. (p. 329-331) and indexes.
=650  \0$aCities and towns in motion pictures.
=650  \0$aMotion pictures$xHistory.
=852  41$aBritish Library$bHMNTS$jYF.2015.a.10277
=856  41$uhttp://core.cambeiro.com.ar/0-57801-22.pdf
=CAT  \\$a6503$b40$c20130523$lBLL01$h1228
=CAT  \\$a11002$b40$c20150521$lBLL01$h1439
=CAT  \\$aBATCH-UPD$b40$c20160213$lBLL01$h1737
=CAT  \\$aWR14_128$c20160226$lBLL01$h1627
=FIN  \\$aY$d20150521
=FMT  \\$a  BK
=LAS  \\$aWR14_128$b00$c20160226$lBLL01$h1627
=SRC  \\$aBLL02

