=LDR  01314cam a22004097i 4500
=001  016417262
=003  Uk
=005  20150707120400.0
=008  121010e201205\\ag\\\\\\\\\\\\000\f\spa\d
=010  \\$a  2013373377
=020  \\$a9789500206686
=020  \\$a9500206684
=035  \\$a(OCoLC)819533336$z(OCoLC)794592542
=040  \\$aAR-BaFGC$beng$cN15$dNDD$dYDXCP$dBDX$dBTCTA$dDLC$dUBY$dUk$erda
=042  \\$aukblderived
=050  \4$aPQ7798.12.A86$bO36 2012
=100  1\$aBattista, Vicente,$eauthor.
=245  10$aOjos que no ven /$cVicente Battista.
=250  \\$a1a edición.
=264  \1$aBuenos Aires, Argentina :$bEditorial El Ateneo,$cmayo de 2012.
=300  \\$a313 pages ;$c22 cm.
=336  \\$atext$2rdacontent
=337  \\$aunmediated$2rdamedia
=338  \\$avolume$2rdacarrier
=490  1\$aLitterae narrativa
=500  \\$aNovel.
=830  \0$aLitterae narrativa.
=852  41$aBritish Library$bHMNTS$jYF.2015.a.13096
=856  41$uhttp://core.cambeiro.com.ar/0-154910-10.pdf
=CAT  \\$a8157$b40$c20130523$lBLL01$h1615
=CAT  \\$a11131$b40$c20150707$lBLL01$h1204
=CAT  \\$aBATCH-UPD$b40$c20171021$lBLL01$h1734
=CAT  \\$aW2308-1659$c20230923$lBLL01$h1002
=FIN  \\$aY$d20150707
=FMT  \\$a  BK
=LAS  \\$aW2308-1659$b00$c20230923$lBLL01$h1002
=SID  \\$aZ39$bOCLC

