=LDR  01682 am a2200445 a 4500
=001  016417618
=003  Uk
=005  20150515142014.0
=008  130308s2012\\\\ag\a\\\\\b\\\f000\0\spa\d
=010  \\$a  2012516170
=020  \\$a9789872734954
=035  \\$a(AR-BaFGC)0-146847/4
=040  \\$aAR-BaFGC$cAR-BaFGC$dDLC$dUk
=042  \\$aukblcatcopy
=043  \\$as-ag---$ae-sp---
=050  00$aHT384.A682$bB846 2012
=245  00$aMetrópolis :$bdinámicas urbanas /$cBrisa Varela, Julio Vinuesa Angulo, compiladores y coordinadores.
=260  \\$aBuenos Aires :$bUniversidad Nacional de Luján ;$a[Madrid, Spain?] :$bUniversidad Autónoma de Madrid,$c2012.
=300  \\$a227 pages :$billustrations, maps ;$c23 cm.
=336  \\$atext$2rdacontent
=337  \\$aunmediated$2rdamedia
=338  \\$avolume$2rdacarrier
=490  0\$aSerie Publicaciones del PROEG
=504  \\$aIncludes bibliographical references.
=650  \0$aUrbanization$zArgentina$zBuenos Aires Region.
=650  \0$aUrbanization$xSocial aspects$zArgentina$zBuenos Aires Region.
=650  \0$aUrbanization$zSpain$zMadrid Metropolitan Area.
=650  \0$aUrbanization$xSocial aspects$zSpain$zMadrid Metropolitan Area.
=700  1\$aVarela, Brisa.
=700  1\$aVinuesa Angulo, Julio.
=852  41$aBritish Library$bHMNTS$jYF.2015.a.9513
=856  41$uhttp://core.cambeiro.com.ar/0-146847-4.pdf
=CAT  \\$a9518$b40$c20130524$lBLL01$h1405
=CAT  \\$aBATCH-UPD$b40$c20130907$lBLL01$h1811
=CAT  \\$a5703$b40$c20150515$lBLL01$h1420
=CAT  \\$aWR14_128$c20160226$lBLL01$h1627
=FIN  \\$aY$d20150515
=FMT  \\$a  BK
=LAS  \\$aWR14_128$b00$c20160226$lBLL01$h1627
=SRC  \\$aBLL02

