=LDR  01300 am a2200385 i 4500
=001  017620064
=003  Uk
=005  20160405110741.0
=008  150429s2015\\\\ag\\\\\\\b\\\\000\0\spa\d
=010  \\$a  2014512009
=020  \\$a9789500751278
=035  \\$a(AR-BaFGC)0-109555/98
=040  \\$aAR-BaFGC$beng$cAR-BaFGC$dDLC$dUk$erda
=042  \\$aukblcatcopy
=043  \\$as-ag---
=050  00$aHD9574.A72$bA52 2015
=100  1\$aAranda, Dario,$d1977-$eauthor.
=245  10$aTierra arrasada :$bpetróleo, soja, pasteras y megaminería : radiografía de la Argentina del siglo XXI /$cDario Aranda.
=264  \1$aBuenos Aires :$bSudamericana,$c[2015]
=300  \\$a430 pages ;$c23 cm
=336  \\$atext$2rdacontent
=337  \\$aunmediated$2rdamedia
=338  \\$avolume$2rdacarrier
=504  \\$aIncludes bibliographical references.
=650  \0$aPetroleum industry and trade$zArgentina.
=650  \0$aSoybean industry$zArgentina.
=650  \0$aMineral industries$zArgentina.
=852  41$aBritish Library$bHMNTS$jYF.2016.a.8507
=856  41$uhttp://core.cambeiro.com.ar/0-109555-98.pdf
=CAT  \\$a11253$b40$c20151118$lBLL01$h1330
=CAT  \\$a5703$b40$c20160405$lBLL01$h1107
=FIN  \\$aY$d20160405
=FMT  \\$a  BK
=LAS  \\$a5703$b40$c20160405$lBLL01$h1107
=SRC  \\$aBLL02

