=LDR  01669 am a2200433 i 4500
=001  017620066
=003  Uk
=005  20170413074729.0
=008  150507s2014\\\\ag\\\\\\\b\\\f000\0\spa\d
=010  \\$a  2014512250
=020  \\$a9789871435814
=035  \\$a(AR-BaFGC)0-178224/1
=040  \\$aAR-BaFGC$beng$cAR-BaFGC$dDLC$dUk$erda
=042  \\$aukblderived
=043  \\$as-ag---
=050  00$aHV8179.B8$bC35 2014
=100  1\$aCalandrón, Sabrina,$d1983-$eauthor.
=245  10$aGénero y sexualidad en la policía bonaerense /$cSabrina Calandrón.
=250  \\$a1a edición.
=264  \1$aSan Martín, Provincia de Buenos Aires :$bUNSAM Edita,$cdiciembre de 2014.
=300  \\$a204 pages ;$c21 cm.
=336  \\$atext$2rdacontent
=337  \\$aunmediated$2rdamedia
=338  \\$avolume$2rdacarrier
=490  0\$aColección Ciencias sociales. Serie Investigaciones
=500  \\$aBased on the author's thesis (doctoral)--Universidad Nacional de General San Martín, 2013.
=504  \\$aIncludes bibliographical references (pages 193-204).
=610  20$aPolicía de la Provincia de Buenos Aires.
=650  \0$aPolice$zArgentina$zBuenos Aires (Province)$xAttitudes.
=650  \0$aSex role in the work environment$xArgentina$zBuenos Aires (Province)
=650  \0$aGender identity in the workplace$zArgentina$zBuenos Aires (Province)
=852  41$aBritish Library$bHMNTS$jYF.2017.a.10458
=856  41$uhttp://core.cambeiro.com.ar/0-178224-1.pdf
=CAT  \\$a11253$b40$c20151118$lBLL01$h1332
=CAT  \\$a11131$b40$c20170413$lBLL01$h0747
=FIN  \\$aY$d20170413
=FMT  \\$a  BK
=LAS  \\$a11131$b40$c20170413$lBLL01$h0747
=SRC  \\$aBLL02

