=LDR  01522 am a2200445 i 4500
=001  017620090
=003  Uk
=005  20160406112836.0
=008  141210s2014\\\\ag\\\\\\\b\\\\000\0\spa\d
=010  \\$a  2014510379
=020  \\$a9789504942818
=035  \\$a(AR-BaFGC)0-646/182
=040  \\$aAR-BaFGC$beng$cAR-BaFGC$dDLC$dUk$erda
=042  \\$aukblcatcopy
=043  \\$as-ag---
=050  00$aF2849.2$b.H442 2014
=100  1\$aHendler, Ariel,$d1963-$eauthor.
=245  10$a1964 :$bhistoria secreta de la vuelta frustrada de Perón /$cAriel Hendler.
=246  3\$aMil novecientos sesenta y cuatro
=246  3\$aHistoria secreta de la vuelta frustrada de Perón
=264  \1$aC.A.B.A. :$bPlaneta,$c[2014]
=300  \\$a261 pages ;$c23 cm.
=336  \\$atext$2rdacontent
=337  \\$aunmediated$2rdamedia
=338  \\$avolume$2rdacarrier
=490  0\$aEspejo de la Argentina
=500  \\$aPublished in Buenos Aires.
=504  \\$aIncludes bibliographical references (pages 255-260).
=600  10$aPerón, Juan Domingo,$d1895-1974.
=650  \0$aPeronism.
=650  \0$aGovernment, Resistance to$zArgentina$xHistory$y20th century.
=651  \0$aArgentina$xPolitics and government$y1955-1983.
=852  41$aBritish Library$bHMNTS$jYF.2016.a.8809
=856  41$uhttp://core.cambeiro.com.ar/0-646-182.pdf
=CAT  \\$a11253$b40$c20151118$lBLL01$h1351
=CAT  \\$a5703$b40$c20160406$lBLL01$h1128
=FIN  \\$aY$d20160406
=FMT  \\$a  BK
=LAS  \\$a5703$b40$c20160406$lBLL01$h1128
=SRC  \\$aBLL02

