=LDR  01665 am a2200445 i 4500
=001  017620093
=003  Uk
=005  20160114151514.0
=008  150415s2014\\\\ag\a\\\\\b\\\\001\0bspa\d
=010  \\$a  2014510804
=020  \\$a9789873752087
=035  \\$a(AR-BaFGC)0-155632/17
=040  \\$aAR-BaFGC$beng$cAR-BaFGC$dDLC$dUk$erda
=042  \\$aukblcatcopy
=043  \\$as-ag---
=050  00$aF2848.W45$bR37 2014
=100  1\$aRapoport, Mario,$eauthor.
=245  10$aBolchevique de salón :$bvida de Félix J. Weil, el fundador argentino de la Escuela de Frankfurt /$cMario Rapoport ; con la colaboración del licenciado Ricardo Lazzari.
=264  \1$aBuenos Aires :$bDebate,$c[2014]
=300  \\$a569 pages :$billustrations ;$c23 cm.
=336  \\$atext$2rdacontent
=337  \\$aunmediated$2rdamedia
=338  \\$avolume$2rdacarrier
=490  0\$aDebate
=504  \\$aIncludes bibliographical references (pages 539-558) and index.
=600  10$aWeil, Felix J.$q(Felix José),$d1898-1975.
=600  10$aWeil, Felix J.$q(Felix José),$d1898-1975$xPolitical and social views.
=600  30$aWeil family.
=610  20$aFrankfurt school of sociology$xHistory.
=650  \0$aIntellectuals$xArgentina$vBiography.
=651  \0$aArgentina$xPolitics and government$y20th century.
=852  41$aBritish Library$bHMNTS$jYF.2016.a.1080
=856  41$uhttp://core.cambeiro.com.ar/0-155632-17.pdf
=CAT  \\$a11253$b40$c20151118$lBLL01$h1353
=CAT  \\$a5703$b40$c20160114$lBLL01$h1515
=CAT  \\$aBATCH-UPD$b40$c20171208$lBLL01$h2032
=FIN  \\$aY$d20160114
=FMT  \\$a  BK
=LAS  \\$aBATCH-UPD$b40$c20171208$lBLL01$h2032
=SRC  \\$aBLL02

