=LDR  01587cam a22004457i 4500
=001  017620727
=003  Uk
=005  20160406113818.0
=008  140327s2014\\\\ag\\\\\\\\\\\\000\0\spa\d
=020  \\$a9789874534200
=020  \\$a9874534206
=035  \\$a(OCoLC)883186980
=040  \\$aAR-BaFGC$beng$cN15$dOCLCF$dUk$erda
=042  \\$aukblderived
=043  \\$as-ag---
=050  \4$aPQ7655$b.L47 2014
=100  1\$aLescano, Victoria,$d1968-$eauthor.
=245  10$aLetras hilvanadas :$bcómo se visten los personajes de la literatura argentina /$cVictoria Lescano.
=264  \1$aBuenos Aires :$bMardulce,$c[2014]
=300  \\$a167 pages ;$c19 cm.
=336  \\$atext$2rdacontent
=337  \\$aunmediated$2rdamedia
=338  \\$avolume$2rdacarrier
=490  0\$aEnsayo
=650  \0$aArgentine literature$y20th century$xHistory and criticism.
=650  \0$aClothing and dress in literature.
=650  \0$aFashion in literature.
=650  \7$aArgentine literature.$2fast$0(OCoLC)fst00814270
=650  \7$aClothing and dress in literature.$2fast$0(OCoLC)fst01199303
=650  \7$aFashion in literature.$2fast$0(OCoLC)fst00921642
=655  \7$aCriticism, interpretation, etc.$2fast$0(OCoLC)fst01411635
=852  41$aBritish Library$bHMNTS$jYF.2016.a.8811
=856  41$uhttp://core.cambeiro.com.ar/0-165674-5.pdf
=CAT  \\$a11253$b40$c20151119$lBLL01$h0840
=CAT  \\$a5703$b40$c20160406$lBLL01$h1138
=CAT  \\$aW2308-1659$c20230923$lBLL01$h1003
=FIN  \\$aY$d20160406
=FMT  \\$a  BK
=LAS  \\$aW2308-1659$b00$c20230923$lBLL01$h1003
=SID  \\$aZ39$bOCLC

