=LDR  01352 am a2200397 i 4500
=001  017620767
=003  Uk
=005  20170413083838.0
=008  150409s2015\\\\ag\\\\\\\\\\\\000\0\spa\d
=010  \\$a  2014510639
=020  \\$a9789500750318
=035  \\$a(AR-BaFGC)0-101003/97
=040  \\$aAR-BaFGC$beng$cAR-BaFGC$dDLC$dUk$erda
=042  \\$aukblderived
=043  \\$as-ag---
=050  00$aHV6322.3.A7$bB672 2015
=100  1\$aBonasso, Miguel,$eauthor.
=245  13$aLo que no dije en Recuerdo de la muerte /$cMiguel Bonasso.
=250  \\$aCuarta edición.
=264  \1$aBuenos Aires :$bSudamericana,$cfebrero de 2015.
=300  \\$a397 pages ;$c23 cm
=336  \\$atext$2rdacontent
=337  \\$aunmediated$2rdamedia
=338  \\$avolume$2rdacarrier
=650  \0$aState-sponsored terrorism$zArgentina$xHistory$y20th century.
=650  \0$aPolitical violence$zArgentina$xHistory$y20th century.
=650  \0$aDisappeared persons$zArgentina$xHistory$y20th century.
=651  \0$aArgentina$xHistory$yDirty War, 1976-1983.
=852  41$aBritish Library$bHMNTS$jYF.2017.a.10485
=856  41$uhttp://core.cambeiro.com.ar/0-101003-97.pdf
=CAT  \\$a11253$b40$c20151119$lBLL01$h1001
=CAT  \\$a11131$b40$c20170413$lBLL01$h0838
=FIN  \\$aY$d20170413
=FMT  \\$a  BK
=LAS  \\$a11131$b40$c20170413$lBLL01$h0838
=SRC  \\$aBLL02

