=LDR  01602 am a2200445 i 4500
=001  017620781
=003  Uk
=005  20160406113614.0
=008  150427s2015\\\\ag\a\\\\\b\\\\000\0bspa\d
=010  \\$a  2014510956
=020  \\$a9789500751254
=035  \\$a(DLC)18669641
=035  \\$a(DLC)2014510956
=035  \\$a(AR-BaFGC)0-122437/64
=040  \\$aAR-BaFGC$beng$cAR-BaFGC$dDLC$dUk$erda
=042  \\$aukblcatcopy
=043  \\$as-ag---
=050  00$aF2849.33.S35$bI23 2015
=100  1\$aIbáñez, Pablo,$eauthor.
=245  10$aScioli secreto :$bde Menem a Kirchner, de motonauta a presidente /$cPablo Ibáñez, Walter Schmidt.
=264  \1$aBuenos Aires :$bSudamericana,$c[2015]
=300  \\$a344 pages :$billustrations (some color) ;$c23 cm
=336  \\$atext$2rdacontent
=337  \\$aunmediated$2rdamedia
=338  \\$avolume$2rdacarrier
=504  \\$aIncludes bibliographical references (338-342).
=600  10$aScioli, Daniel,$d1957-
=650  \0$aPoliticians$zArgentina$vBiography.
=650  \0$aGovernors$zArgentina$zBuenos Aires (Province)$vBiography.
=651  \0$aArgentina$xPolitics and government$y2002-
=651  \0$aBuenos Aires (Argentina : Province)$xPolitics and government$y21st century.
=700  1\$aSchmidt, Walter$c(Journalist),$eauthor.
=852  41$aBritish Library$bHMNTS$jYF.2016.a.8810
=856  41$uhttp://core.cambeiro.com.ar/0-122437-64.pdf
=CAT  \\$a11253$b40$c20151119$lBLL01$h1025
=CAT  \\$a5703$b40$c20160406$lBLL01$h1136
=FIN  \\$aY$d20160406
=FMT  \\$a  BK
=LAS  \\$a5703$b40$c20160406$lBLL01$h1136
=SID  \\$aZ39$bLOC

