=LDR  01572cam a2200433 i 4500
=001  017620783
=003  Uk
=005  20170413091631.0
=008  150223s2014\\\\ag\\\\\\\b\\\\000\0\spa\d
=010  \\$a  2014510579
=020  \\$a9789502323145
=035  \\$a(AR-BaFGC)0-175992/2
=040  \\$aAR-BaFGC$beng$cAR-BaFGC$dDLC$dUk$erda
=042  \\$aukblderived
=043  \\$as-ag---
=050  00$aLE21.B82$bD445 2014
=100  1\$aDelich, Francisco,$d1937-2016,$eauthor.
=245  10$a808 días en la Universidad de Buenos Aires /$cFrancisco Delich.
=246  3\$aOchocientos ocho días en la Universidad de Buenos Aires
=250  \\$aPrimera edición.
=264  \1$aCiudad de Buenos Aires :$bEudeba,$cseptiembre de 2014.
=300  \\$a166 pages ;$c23 cm.
=336  \\$atext$2rdacontent
=337  \\$aunmediated$2rdamedia
=338  \\$avolume$2rdacarrier
=490  0\$aHistoria y memoria de la Universidad de Buenos Aires
=504  \\$aIncludes bibliographical references (pages 146-148).
=610  20$aUniversidad de Buenos Aires$xHistory$y20th century.
=650  \0$aEducation and state$zArgentina$xHistory$y20th century.
=651  \0$aArgentina$xPolitics and government$y1983-2002.
=852  41$aBritish Library$bHMNTS$jYF.2017.a.10508
=856  41$uhttp://core.cambeiro.com.ar/0-175992-2.pdf
=CAT  \\$a11253$b40$c20151119$lBLL01$h1027
=CAT  \\$a11131$b40$c20170413$lBLL01$h0916
=CAT  \\$aBATCH-UPD$b40$c20220712$lBLL01$h1117
=FIN  \\$aY$d20170413
=FMT  \\$a  BK
=LAS  \\$aBATCH-UPD$b40$c20220712$lBLL01$h1117
=SRC  \\$aBLL02

