=LDR  01361 am a2200397 i 4500
=001  017620857
=003  Uk
=005  20160406114042.0
=008  150427s2015\\\\ag\a\\\\\b\\\\000\0dspa\d
=010  \\$a  2014510983
=020  \\$a9789500750363
=035  \\$a(AR-BaFGC)0-109555/97
=040  \\$aAR-BaFGC$beng$cAR-BaFGC$dDLC$dUk$erda
=042  \\$aukblcatcopy
=050  00$aF2849.22.E42$bT37 2015
=100  1\$aTarruella, Alejandro C.,$d1948-$eauthor.
=245  10$aEnvar "Cacho" El Kadri :$bel guerrillero que dejó las armas /$cAlejandro C. Tarruella.
=264  \1$aBuenos Aires :$bSudamericana,$c[2015]
=300  \\$a350 pages :$billustrations ;$c23 cm
=336  \\$atext$2rdacontent
=337  \\$aunmediated$2rdamedia
=338  \\$avolume$2rdacarrier
=504  \\$aIncludes bibliographical references.
=600  10$aEl Kadri, Envar,$d1941-
=610  20$aFuerzas Armadas Peronistas (Argentina)
=650  \0$aPeronism.
=650  \0$aGuerrillas$zArgentina$xHistory$y20th century.
=651  \0$aArgentina$xPolitics and government$y1955-
=852  41$aBritish Library$bHMNTS$jYF.2016.a.8843
=856  41$uhttp://core.cambeiro.com.ar/0-109555-97.pdf
=CAT  \\$a11253$b40$c20151119$lBLL01$h1117
=CAT  \\$a5703$b40$c20160406$lBLL01$h1140
=FIN  \\$aY$d20160406
=FMT  \\$a  BK
=LAS  \\$a5703$b40$c20160406$lBLL01$h1140
=SRC  \\$aBLL02

