=LDR  02266 am a2200445 i 4500
=001  017620902
=003  Uk
=005  20170306162010.0
=008  140918e201404\\ag\a\\\\\bc6\|0|1\0|spa\d
=010  \\$a  2014510841
=020  \\$a9789871921249 (paperback)
=035  \\$a(AR-BaFGC)0-174752/0
=040  \\$aAR-BaFGC$beng$cAR-BaFGC$dDLC$dUk$erda
=042  \\$aukblsr
=043  \\$as-ag---
=050  00$aPN6790.A7$bC67 2014
=245  00$aCon las historietas se come, se cura y se educa :$brevistas argentinas 1983-1993 /$cJulio Neveleff [organizador].
=250  \\$aPrimera edición.
=264  \1$aMar del Plata, Argentina :$bEudem,$cabril de 2014.
=300  \\$a219 pages :$billustrations (black and white, and colour) ;$c21 x 31 cm
=336  \\$atext$2rdacontent
=336  \\$astill image$2rdacontent
=337  \\$aunmediated$2rdamedia
=338  \\$avolume$2rdacarrier
=500  \\$a"Este libro-catálogo acompaña a la exposición Con las historietas se come, se cura y se educa. Revistas argentinas 1983-1993, organizada en conjunto por la Fundación OSDE y la Municipalidad de Ayacucho en diciembre de 2013"--Page 9.
=500  \\$aIncludes testimonies by Enrique Breccia, Germán Cáceres, Ciruelo, Ramón Columba (n), Alfredo Falugi, Claudio Herrera, Carlos Pedrazzini, Juan Carlos Quattordio, Eduardo Risso, Sendra and Robin Wood.
=500  \\$aIncludes images of magazine covers: pages 115-170.
=504  \\$aIncludes bibliographical references and index.
=505  0\$aUn breve contexto desde la visión de un joven de aquellos años / Pablo Zubiaurre -- Con las historietas se come, se cura y se educa / Julio Neveleff -- El género que faltaba / Diego Accorsi -- Testimonios.
=610  10$aAyacucho (Argentina).$bCultura$xArt collections$vExhibitions.
=650  \0$aComic books, strips, etc.$zArgentina$xPeriodicals$xHistory$y20th century$vExhibitions.
=710  1\$aAyacucho (Argentina).$bCultura,$ehost institution.
=852  41$aBritish Library$bHMNTS$jLF.31.a.5682
=856  41$uhttp://core.cambeiro.com.ar/0-174752-0.pdf
=CAT  \\$a11253$b40$c20151119$lBLL01$h1152
=CAT  \\$a7483$b40$c20170306$lBLL01$h1620
=FIN  \\$aY$d20170306
=FMT  \\$a  BK
=LAS  \\$a7483$b40$c20170306$lBLL01$h1620
=SRC  \\$aBLL02

