=LDR  01403 am a2200409 i 4500
=001  017620965
=003  Uk
=005  20160114151836.0
=008  150413s2015\\\\ag\\\\\\\b\\\\000\0\spa\d
=010  \\$a  2014510724
=020  \\$a9789504944379
=035  \\$a(AR-BaFGC)0-177953/0
=040  \\$aAR-BaFGC$beng$cAR-BaFGC$dDLC$dUk$erda
=042  \\$aukblcatcopy
=043  \\$as-ag---
=050  00$aBX1462.3$b.V43 2015
=100  1\$aVedia, Mariano de,$d1962-$eauthor.
=245  10$aEn el nombre del papa :$bla Iglesia y el gobierno argentino : los años en que Jorge Bergoglio fue un enemigo /$cMariano de Vedia.
=264  \1$aC.A.B.A. :$bPlaneta,$c[2015]
=300  \\$a410 pages ;$c23 cm
=336  \\$atext$2rdacontent
=337  \\$aunmediated$2rdamedia
=338  \\$avolume$2rdacarrier
=500  \\$aPublished in Buenos Aires.
=504  \\$aIncludes bibliographical references (pages 403-406).
=600  00$aFrancis,$cPope,$d1936-
=600  10$aKirchner, Néstor.
=600  10$aFernández de Kirchner, Cristina.
=650  \0$aChurch and state$zArgentina$xHistory$y21st century.
=852  41$aBritish Library$bHMNTS$jYF.2016.a.1078
=856  41$uhttp://core.cambeiro.com.ar/0-177953-0.pdf
=CAT  \\$a11253$b40$c20151119$lBLL01$h1325
=CAT  \\$a5703$b40$c20160114$lBLL01$h1518
=FIN  \\$aY$d20160114
=FMT  \\$a  BK
=LAS  \\$a5703$b40$c20160114$lBLL01$h1518
=SRC  \\$aBLL02

