=LDR  01344 am a2200385 i 4500
=001  017620972
=003  Uk
=005  20160405125137.0
=008  150529s2012\\\\ag\\\\\\\b\\\\000\0\spa\d
=010  \\$a  2014512238
=020  \\$a9789876030977
=035  \\$a(AR-BaFGC)0-169022/0
=040  \\$aAR-BaFGC$beng$cAR-BaFGC$dDLC$dUk$erda
=042  \\$aukblcatcopy
=043  \\$as-ag---$ae-uk---
=050  00$aHE2907$b.L67 2012
=100  10$aLópez, Mario Justo,$d1951-$eauthor.
=245  10$aYrigoyen, Alvear y los ferrocarriles británicos /$cMario Justo López.
=264  \1$aCiudad Autónoma de Buenos Aires, Argentina :$bLumiere,$c[2012]
=300  \\$a405 pages ;$c23 cm
=336  \\$atext$2rdacontent
=337  \\$aunmediated$2rdamedia
=338  \\$avolume$2rdacarrier
=504  \\$aIncludes bibliographical references (pages 393-405).
=650  \0$aRailroads and state$zArgentina$xHistory$y20th century.
=650  \0$aInvestments, British$zArgentina$xHistory$y20th century.
=651  \0$aArgentina$xHistory$y1910-1943.
=852  41$aBritish Library$bHMNTS$jYF.2016.a.8830
=856  41$uhttp://core.cambeiro.com.ar/0-169022-0.pdf
=CAT  \\$a11253$b40$c20151119$lBLL01$h1335
=CAT  \\$a5703$b40$c20160405$lBLL01$h1251
=FIN  \\$aY$d20160405
=FMT  \\$a  BK
=LAS  \\$a5703$b40$c20160405$lBLL01$h1251
=SRC  \\$aBLL02

