=LDR  01429 am a2200421 i 4500
=001  017621017
=003  Uk
=005  20160406082710.0
=008  150410s2014\\\\ag\\\\\\\b\\\f000\0\spa\d
=010  \\$a  2014510707
=020  \\$a9789502323541
=035  \\$a(AR-BaFGC)0-174933/3
=040  \\$aAR-BaFGC$beng$cAR-BaFGC$dDLC$dUk$erda
=042  \\$aukblcatcopy
=043  \\$as-ag---
=050  00$aUA613$b.D49 2014
=100  1\$aDiamint, Rut C.,$eauthor.
=245  10$aSin gloria :$bla política de defensa en la Argentina democrática /$cRut Diamint.
=264  \1$aCiudad de Buenos Aires :$bEudeba,$c[2014]
=300  \\$a508 pages ;$c20 cm.
=336  \\$atext$2rdacontent
=337  \\$aunmediated$2rdamedia
=338  \\$avolume$2rdacarrier
=490  0\$aHecho y por hacer
=504  \\$aIncludes bibliographical references (pages 463-508).
=650  \0$aDemocracy$zArgentina$xHistory.
=651  \0$aArgentina$xMilitary policy$xHistory.
=651  \0$aArgentina$xPolitics and government$y1983-2002.
=651  \0$aArgentina$xPolitics and government$y2002-
=852  41$aBritish Library$bHMNTS$jYF.2016.a.8800
=856  41$uhttp://core.cambeiro.com.ar/0-174933-3.pdf
=CAT  \\$a11253$b40$c20151119$lBLL01$h1409
=CAT  \\$aBATCH-UPD$b40$c20160204$lBLL01$h2041
=CAT  \\$a5703$b40$c20160406$lBLL01$h0827
=FIN  \\$aY$d20160406
=FMT  \\$a  BK
=LAS  \\$a5703$b40$c20160406$lBLL01$h0827
=SRC  \\$aBLL02

