=LDR  01457 am a2200397 i 4500
=001  017621028
=003  Uk
=005  20160406115230.0
=008  150219s2014\\\\ag\\\\\\\\\\\\000\0\spa\d
=010  \\$a  2014510552
=020  \\$a9789874524959
=035  \\$a(AR-BaFGC)0-177561/2
=040  \\$aAR-BaFGC$beng$cAR-BaFGC$dDLC$dUk$erda
=042  \\$aukblcatcopy
=043  \\$as-ag---
=050  00$aF3001.3$b.M37 2014
=100  1\$aMartin, Hugo,$d1964-$eauthor.
=245  10$aCromañón :$bla república del dolor y la impunidad : corrupción, rock y 194 muertos /$cHugo Martin.
=264  \1$aBuenos Aires, Argentina :$bLetras del Sur Editora,$c[2014]
=300  \\$a234 pages ;$c21 cm.
=336  \\$atext$2rdacontent
=337  \\$aunmediated$2rdamedia
=338  \\$avolume$2rdacarrier
=490  0\$aColección Desde el otro lado ;$v2
=610  20$aRepública Cromañón (Nightclub : Buenos Aires, Argentina)$xFire, 2004.
=650  \0$aNightclubs$xFires and fire prevention$zArgentina$zBuenos Aires.
=650  \0$aYouth$zArgentina$zBuenos Aires$xDeath.
=651  \0$aBuenos Aires (Argentina)$xPolitics and government$y21st century.
=852  41$aBritish Library$bHMNTS$jYF.2016.a.8840
=856  41$uhttp://core.cambeiro.com.ar/0-177561-2.pdf
=CAT  \\$a11253$b40$c20151119$lBLL01$h1415
=CAT  \\$a5703$b40$c20160406$lBLL01$h1152
=FIN  \\$aY$d20160406
=FMT  \\$a  BK
=LAS  \\$a5703$b40$c20160406$lBLL01$h1152
=SRC  \\$aBLL02

