=LDR  01463 am a2200409 i 4500
=001  017621034
=003  Uk
=005  20160610173031.0
=008  151119s2015\\\\ag\ac\\\\b\\\\001\0\spa\\
=010  \\$a  2014512825
=020  \\$a9789500752039 (paperback)
=035  \\$a(AR-BaFGC)0-109555/101
=040  \\$aAR-BaFGC$beng$cAR-BaFGC$dDLC$dUk$erda
=042  \\$aukblsr
=043  \\$as-ag---
=050  00$aF2849.2$b.R3807 2015
=100  1\$aReato, Ceferino,$d1961-$eauthor.
=245  10$aDoce noches :$b2001 : el fracaso de la Alianza, el golpe peronista y el origen del kirchnerismo /$cCeferino Reato.
=246  3\$a12 noches
=264  \1$aBuenos Aires :$bEditorial Sudamericana,$c[2015]
=300  \\$a426 pages :$billustrations (black and white), portraits (black and white) ;$c23 cm
=336  \\$atext$2rdacontent
=337  \\$aunmediated$2rdamedia
=338  \\$avolume$2rdacarrier
=504  \\$aIncludes bibliographical references and index.
=610  20$aAlianza (Political alliance : Argentina)
=650  \0$aPeronism.
=651  \0$aArgentina$xPolitics and government$y21st century.
=852  41$aBritish Library$bHMNTS$jYF.2016.a.13986
=856  41$uhttp://core.cambeiro.com.ar/0-109555-101.pdf
=CAT  \\$a11253$b40$c20151119$lBLL01$h1422
=CAT  \\$a11342$b40$c20160610$lBLL01$h1729
=CAT  \\$a11342$b40$c20160610$lBLL01$h1730
=FIN  \\$aY$d20160610
=FMT  \\$a  BK
=LAS  \\$a11342$b40$c20160610$lBLL01$h1730
=SRC  \\$aBLL02

