=LDR  01408 am a2200373 i 4500
=001  017705956
=003  Uk
=005  20170328091101.0
=008  150731s2014\\\\ag\a\\\\\\\\\\000\0\spa\d
=010  \\$a  2014512680
=020  \\$a9789871942213
=035  \\$a(AR-BaFGC)0-176437/0
=040  \\$aAR-BaFGC$beng$cAR-BaFGC$dDLC$dUk$erda
=042  \\$aukblderived
=043  \\$as-ag---
=050  00$aUG635.A7$bG66 2014
=100  1\$aGonzález, Oscar F.$q(Oscar Francisco),$eauthor.
=245  10$aVigilancia y control aéreo en Argentina :$bhistoria de la especialidad VYCA en la Fuerza Aérea /$cComorodo (R) VGM Lic. Oscar F. González.
=250  \\$aPrimera edición.
=264  \1$a[Ciudad Autónoma de Buenos Aires] :$bEdiciones Argentinidad,$c[2014]
=300  \\$a398 pages :$billustrations (some color) ;$c23 cm
=336  \\$atext$2rdacontent
=337  \\$aunmediated$2rdamedia
=338  \\$avolume$2rdacarrier
=610  20$aArgentina.$bFuerza Aérea.$bGrupo Vigilancia y Control del Espacio Aéreo$xHistory.
=650  \0$aRadar air traffic control systems$zArgentina$xHistory.
=852  41$aBritish Library$bHMNTS$jYF.2017.a.8167
=856  41$uhttp://core.cambeiro.com.ar/0-176437-0.pdf
=CAT  \\$a6503$b40$c20160113$lBLL01$h1332
=CAT  \\$a11131$b40$c20170328$lBLL01$h0911
=FIN  \\$aY$d20170328
=FMT  \\$a  BK
=LAS  \\$a11131$b40$c20170328$lBLL01$h0911
=SID  \\$aZ39$bLOC

