=LDR  01924 am a2200493 i 4500
=001  017706222
=003  Uk
=005  20170518091649.0
=008  150223s2014\\\\ag\a\\\\\b\\\\000\0dspa\d
=010  \\$a  2014510608
=020  \\$a9789502323879
=020  \\$a9502323874
=035  \\$a(OCoLC)911004502
=040  \\$aAR-BaFGC$beng$cDLC$dOCLCO$dOCLCF$dOCLCO$dOCL$dOCLCQ$dUk$erda
=042  \\$aukblderived
=043  \\$as-ag---
=050  00$aZ519.3$b.P43 2014
=100  1\$aSagastizábal, Leandro de,$eauthor.
=245  13$aUn editor argentino :$bArturo Peña Lillo /$cLeandro de Sagastizábal, Alejandra Giuliani.
=264  \1$aCiudad de Buenos Aires :$bEudeba,$cnoviembre 2014.
=300  \\$a161 pages, [12] unnumbered pages :$billustrations ;$c23 cm.
=336  \\$atext$btxt$2rdacontent
=337  \\$aunmediated$bn$2rdamedia
=338  \\$avolume$bnc$2rdacarrier
=490  0\$aLa vida y los libros
=500  \\$aAppendix listing books published by Peña, Del Giúdice-Editores, ALPE y A. Peña Lillo, editor (1952-1970).
=504  \\$aIncludes bibliographical references (pages 153-160).
=600  10$aPeña Lillo, Arturo.
=600  17$aPeña Lillo, Arturo$2fast$0(OCoLC)fst00246752
=648  \7$a1900-1999$2fast
=650  \0$aPublishers and publishing$zArgentina$xHistory$y20th century.
=650  \7$aIntellectual life.$2fast$0(OCoLC)fst00975769
=650  \7$aPublishers and publishing.$2fast$0(OCoLC)fst01083463
=651  \0$aArgentina$xIntellectual life$y20th century.
=651  \7$aArgentina.$2fast$0(OCoLC)fst01205614
=655  \7$aHistory.$2fast$0(OCoLC)fst01411628
=852  41$aBritish Library$bHMNTS$jYF.2017.a.13173
=856  41$uhttp://core.cambeiro.com.ar/0-176851-1.pdf
=CAT  \\$a11253$b40$c20160114$lBLL01$h0853
=CAT  \\$a11002$b40$c20170518$lBLL01$h0916
=FIN  \\$aY$d20170518
=FMT  \\$a  BK
=LAS  \\$a11002$b40$c20170518$lBLL01$h0916
=SID  \\$aZ39$bOCLC

