=LDR  01692 am a2200445 i 4500
=001  017706227
=003  Uk
=005  20161116080753.0
=008  150508e201501\\ag\\\\\\\b\\\\000\0\spa\d
=010  \\$a  2014510909
=020  \\$a9789502324012
=035  \\$a(AR-BaFGC)0-12235/34
=040  \\$aAR-BaFGC$beng$cAR-BaFGC$dDLC$dUk$erda
=042  \\$aukblcatcopy
=050  00$aPQ6272.Z5$bP37 2015
=245  00$aPara leer el Guzmán de Alfarache y otros textos de Mateo Alemán /$cMichèlle Guillemont y Juan Diego Vila, Coordinadores.
=250  \\$aPrimera edición.
=264  \1$aCiudad de Buenos Aires :$bEudeba,$cenero de 2015.
=300  \\$a397 pages ;$c23 cm.
=336  \\$atext$2rdacontent
=337  \\$aunmediated$2rdamedia
=338  \\$avolume$2rdacarrier
=490  0\$aEnsayos
=500  \\$aFirst coordinator's forename in statement of responsibility should read: Michèle.
=504  \\$aIncludes bibliographical references.
=600  10$aAlemán, Mateo,$d1547-1614?.
=600  10$aAlemán, Mateo,$d1547-1614?.$tAventuras y vida de Guzmán de Alfarache.
=700  1\$aGuillemont, Michèle,$eeditor.
=700  1\$aVila, Juan Diego,$eeditor.
=700  12$iContainer of (work):$aRabaté, Philippe.$tMateo Alemán y la "invención griega.".
=852  41$aBritish Library$bHMNTS$jYF.2016.a.24288
=856  41$uhttp://core.cambeiro.com.ar/0-12235-34.pdf
=CAT  \\$a11253$b40$c20160114$lBLL01$h0857
=CAT  \\$aBATCH-UPD$b40$c20160114$lBLL01$h0857
=CAT  \\$a5703$b40$c20161116$lBLL01$h0807
=CAT  \\$aBATCH-UPD$b40$c20210609$lBLL01$h1207
=FIN  \\$aY$d20161116
=FMT  \\$a  BK
=LAS  \\$aBATCH-UPD$b40$c20210609$lBLL01$h1207
=SRC  \\$aBLL02

