=LDR  01352 am a2200397 i 4500
=001  017706245
=003  Uk
=005  20161115151331.0
=008  150731e201504\\ag\a\\\\\b\\\\000\0\spa\d
=010  \\$a  2014512686
=020  \\$a9789873897009
=035  \\$a(AR-BaFGC)0-179458/0
=040  \\$aAR-BaFGC$beng$cAR-BaFGC$dDLC$dUk$erda
=042  \\$aukblcatcopy
=043  \\$as-ag---
=050  00$aHQ767.5.A6$bC63 2015
=245  00$aCódigo rosa :$brelatos sobre abortos /$cDahiana Belfiori.
=250  \\$a1o edición.
=264  \1$aCiudad Autónoma de Buenos Aires :$bEdiciones La Parte Maldita,$cabril 2015.
=300  \\$a143 pages :$billustrations ;$c21 cm
=336  \\$atext$2rdacontent
=337  \\$aunmediated$2rdamedia
=338  \\$avolume$2rdacarrier
=504  \\$aIncludes bibliographical references.
=650  \0$aAbortion$zArgentina.
=650  \0$aWomen$zArgentina$zNeuquén$vInterviews.
=700  1\$aBelfiori, Dahiana,$eeditor.
=710  2\$aColectiva Feminista La Revuelta (Neuquén, Argentina),$einterviewer.
=852  41$aBritish Library$bHMNTS$jYF.2016.a.24272
=856  41$uhttp://core.cambeiro.com.ar/0-179458-0.pdf
=CAT  \\$a11253$b40$c20160114$lBLL01$h0921
=CAT  \\$a5703$b40$c20161115$lBLL01$h1513
=FIN  \\$aY$d20161115
=FMT  \\$a  BK
=LAS  \\$a5703$b40$c20161115$lBLL01$h1513
=SID  \\$aZ39$bLOC

