=LDR  01759 am a22004457i 4500
=001  017706247
=003  Uk
=005  20160524092817.0
=008  150619e201502\\ag\a\\\\\b\\\\000\0\spa\d
=010  \\$a  2014512447
=020  \\$a9789871983087 (paperback)
=020  \\$z9789871983070
=035  \\$a(AR-BaFGC)0-149498/15
=040  \\$aAR-BaFGC$beng$cAR-BaFGC$dDLC$dUk$erda
=042  \\$aukblderived
=043  \\$as-ag---
=050  00$aF2230.2.G72$bC365 2015
=100  1\$aCastelnuovo Biraben, Natalia,$eauthor.
=245  10$aMujeres guaraníes y procesos de participación política en el noroeste argentino /$cNatalia Castelnuovo Biraben.
=250  \\$aPrimera edición.
=264  \1$a[Buenos Aires] :$bEditorial Antropofagia,$cfebrero de 2015.
=300  \\$a303 pages :$billustrations ;$c23 cm.
=336  \\$atext$2rdacontent
=337  \\$aunmediated$2rdamedia
=338  \\$avolume$2rdacarrier
=490  0\$aSerie Antropología política y económica
=500  \\$aRevised author's thesis (doctoral)--Universidad de Buenos Aires, 2012.
=500  \\$a"Adenda": pages 255-270.
=504  \\$aIncludes bibliographical references (pages 275-303).
=650  \0$aGuarani women$xPolitical activity$zArgentina$zGeneral José de San Martín (Salta)
=650  \0$aEconomic development$zArgentina$zGeneral José de San Martín (Salta)
=651  \0$aGeneral José de San Martín (Salta, Argentina)$xPolitics and government.
=852  41$aBritish Library$bHMNTS$jYF.2016.a.12767
=856  41$uhttp://core.cambeiro.com.ar/0-149498-15.pdf
=CAT  \\$a11253$b40$c20160114$lBLL01$h0923
=CAT  \\$a6923$b40$c20160524$lBLL01$h0928
=FIN  \\$aY$d20160524
=FMT  \\$a  BK
=LAS  \\$a6923$b40$c20160524$lBLL01$h0928
=SRC  \\$aBLL02

