=LDR  01346 am a22003977i 4500
=001  017706271
=003  Uk
=005  20160524112448.0
=008  150901e201505\\ag\\\\\\\b\\\\000\0dspa\d
=010  \\$a  2016365017
=020  \\$a9789877350517 (paperback)
=035  \\$a(AR-BaFGC)0-178406/0
=040  \\$aAR-BaFGC$beng$cAR-BaFGC$dDLC$dUk$erda
=042  \\$aukblderived
=043  \\$as-ag---
=050  00$aF2823.T7$bV39 2015
=100  1\$aVázquez, Silvia$c(Lawyer),$eauthor.
=245  10$aDe los K a los Qom :$bla traición a los pueblos originarios /$cSilvia Vázquez.
=250  \\$aPrimera edición.
=264  \1$aBuenos Aires :$bAguilar,$cmayo de 2015.
=300  \\$a319 pages ;$c23 cm
=336  \\$atext$2rdacontent
=337  \\$aunmediated$2rdamedia
=338  \\$avolume$2rdacarrier
=500  \\$a"Anexo documental": pages 261-307.
=504  \\$aIncludes bibliographical references.
=650  \0$aToba Indians$zArgentina$zFormosa (Province)$xCivil rights.
=651  \0$aArgentina$xPolitics and government$y2002-
=852  41$aBritish Library$bHMNTS$jYF.2016.a.12796
=856  41$uhttp://core.cambeiro.com.ar/0-178406-0.pdf
=CAT  \\$a11253$b40$c20160114$lBLL01$h0936
=CAT  \\$a6923$b40$c20160524$lBLL01$h1124
=FIN  \\$aY$d20160524
=FMT  \\$a  BK
=LAS  \\$a6923$b40$c20160524$lBLL01$h1124
=SRC  \\$aBLL02

