=LDR  01371cam a22003977i 4500
=001  017706286
=003  Uk
=005  20160318134957.0
=008  150505s2014\\\\ag\\\\\\\b\\\\000\0\spa\d
=010  \\$a  2014512168
=020  \\$a9789876464734
=035  \\$a(AR-BaFGC)0-136834/10
=040  \\$aAR-BaFGC$beng$cAR-BaFGC$dDLC$dUk$erda
=042  \\$aukblderived
=043  \\$as-ag---
=050  00$aPQ7703.2$b.V54 2014
=100  1\$aVigna, Diego,$d1982-$eauthor.
=245  13$aLa década posteada :$bblogs de escritores argentinos 2002-2012 /$cDiego Vigna.
=264  \1$aCórdoba, República Argentina :$bAlción Editora,$c[2014]
=300  \\$a237 pages ;$c22 cm.
=336  \\$atext$2rdacontent
=337  \\$aunmediated$2rdamedia
=338  \\$avolume$2rdacarrier
=490  0\$aColección Gryga
=504  \\$aIncludes bibliographical references (pages 235-237).
=650  \0$aArgentine literature$y21st century$vBlogs$xHistory and criticism.
=852  41$aBritish Library$bHMNTS$jYF.2016.a.7579
=856  41$uhttp://core.cambeiro.com.ar/0-136834-10.pdf
=CAT  \\$a11253$b40$c20160114$lBLL01$h0944
=CAT  \\$a10904$b40$c20160318$lBLL01$h1158
=CAT  \\$a10804$b40$c20160318$lBLL01$h1349
=CAT  \\$aW2308-1659$c20230923$lBLL01$h1004
=FIN  \\$aY$d20160318
=FMT  \\$a  BK
=LAS  \\$aW2308-1659$b00$c20230923$lBLL01$h1004
=SID  \\$aZ39$bLOC

