=LDR  01535 am a2200397 i 4500
=001  017706288
=003  Uk
=005  20160318082722.0
=008  150420s2015\\\\ag\a\\\\\b\\\\100\0\spa\d
=010  \\$a  2014510925
=020  \\$a9789875746534
=035  \\$a(AR-BaFGC)0-175497/0
=040  \\$aAR-BaFGC$beng$cAR-BaFGC$dDLC$dUk$erda
=042  \\$aukblderived
=043  \\$as-ag---
=050  00$aHS65.A7$bA26 2012
=111  2\$aJornadas Académicas "El Asociacionismo en la Argentina del Siglo XX"$d(2012 :$cBuenos Aires, Argentina)$jauthor.
=245  10$aAsociaciones y política en la Argentina del siglo veinte :$bentre prácticas y expectativas /$cOmar Acha y Nicolás Quiroga (editores).
=264  \1$aBuenos Aires, Argentina :$bPrometeo Libros,$c[2015]
=300  \\$a311 pages :$billustrations ;$c22 cm
=336  \\$atext$2rdacontent
=337  \\$aunmediated$2rdamedia
=338  \\$avolume$2rdacarrier
=504  \\$aIncludes bibliographical references.
=650  \0$aAssociations, institutions, etc.$xPolitical aspects$zArgentina$xHistory$y20th century$vCongresses.
=700  1\$aAcha, Omar,$d1971-$eeditor.
=700  1\$aQuiroga, Nicolás,$eeditor.
=852  41$aBritish Library$bHMNTS$jYF.2016.a.7586
=856  41$uhttp://core.cambeiro.com.ar/0-175497-0.pdf
=CAT  \\$a11253$b40$c20160114$lBLL01$h0945
=CAT  \\$aBATCH-UPD$b40$c20160114$lBLL01$h0946
=CAT  \\$a10904$b40$c20160318$lBLL01$h0827
=FIN  \\$aY$d20160318
=FMT  \\$a  BK
=LAS  \\$a10904$b40$c20160318$lBLL01$h0827
=SRC  \\$aBLL02

