=LDR  01652 am a2200433 i 4500
=001  017706297
=003  Uk
=005  20161114112642.0
=008  150428s2014\\\\ag\a\\\\\b\\\f001\0\spa\d
=010  \\$a  2014512008
=020  \\$a9789503903131
=035  \\$a(AR-BaFGC)0-169926/4
=040  \\$aAR-BaFGC$beng$cAR-BaFGC$dDLC$dUk$erda
=042  \\$aukblcatcopy
=043  \\$as-ag---
=050  00$aLA548$b.A94 2014
=100  1\$aAveiro, Martín Omar,$eauthor.
=245  13$aLa universidad inconclusa :$bde la Ratio studiorum a la reforma universitaria en Mendoza (1973-1974) /$cMartín Omar Aveiro.
=250  \\$aPrimera edición.
=264  \1$aMendoza [Argentina] :$bEDIUNC,$c2014.
=300  \\$a294 pages :$billustrations ;$c23 cm.
=336  \\$atext$2rdacontent
=337  \\$aunmediated$2rdamedia
=338  \\$avolume$2rdacarrier
=490  0\$aColección Indagaciones ;$v7
=504  \\$aIncludes bibliographical references (pages 267-289) and index.
=610  20$aUniversidad Nacional de Cuyo.$bFacultad de Filosofía y Letras$xHistory.
=650  \0$aUniversities and colleges$zArgentina$xHistory.
=650  \0$aEducational change$zArgentina$zMendoza (Province)$xHistory$y20th century.
=650  \0$aHigher education and state$zArgentina$xHistory$y20th century.
=852  41$aBritish Library$bHMNTS$jYF.2016.a.24422
=856  41$uhttp://core.cambeiro.com.ar/0-169926-4.pdf
=CAT  \\$a11253$b40$c20160114$lBLL01$h0955
=CAT  \\$a5703$b40$c20161114$lBLL01$h1126
=CAT  \\$aBATCH-UPD$b40$c20171216$lBLL01$h1742
=FIN  \\$aY$d20161114
=FMT  \\$a  BK
=LAS  \\$aBATCH-UPD$b40$c20171216$lBLL01$h1742
=SRC  \\$aBLL02

