=LDR  01934 am a22005297i 4500
=001  017706331
=003  Uk
=005  20160318103110.0
=008  151002s2015\\\\ag\a\\\\\b\\\\000\0bspa\c
=020  \\$a9789876283595
=020  \\$a9876283596
=035  \\$a(OCoLC)922704884
=040  \\$aNYP$beng$cNYP$dOCLCO$dOCLCF$dOCLCO$dUk$erda
=042  \\$aukblderived
=043  \\$as-ag---
=050  \4$aF2846.3.R7$bF73 2015
=100  1\$aFradkin, Raúl,$d1955-$eauthor.
=245  10$aJuan Manuel de Rosas :$bla construcción de un liderazgo político /$cRaúl O. Fradkin, Jorge Gelman.
=250  \\$aPrimera edición.
=264  \1$aBuenos Aires :$bEdhasa,$cmayo de 2015.
=300  \\$a475 pages :$billustrations ;$c23 cm.
=336  \\$atext$btxt$2rdacontent
=337  \\$aunmediated$bn$2rdamedia
=338  \\$avolume$bnc$2rdacarrier
=490  1\$aBiografías argentinas
=504  \\$aIncludes bibliographical references (pages 451-475).
=600  10$aRosas, Juan Manuel de,$d1793-1877.
=600  17$aRosas, Juan Manuel de,$d1793-1877$2fast$0(OCoLC)fst01802609
=650  \0$aHeads of state$zArgentina$vBiography.
=650  \0$aCaudillos$zArgentina$vBiography.
=650  \7$aCaudillos.$2fast$0(OCoLC)fst00849805
=650  \7$aHeads of state.$2fast$0(OCoLC)fst00952677
=651  \0$aArgentina$xHistory$y1817-1860.
=651  \7$aArgentina.$2fast$0(OCoLC)fst01205614
=655  \7$aBiography.$2fast$0(OCoLC)fst01423686
=655  \7$aHistory.$2fast$0(OCoLC)fst01411628
=700  1\$aGelman, Jorge,$eauthor.
=830  \0$aBiografías argentinas.
=852  41$aBritish Library$bHMNTS$jYF.2016.a.7569
=856  41$uhttp://core.cambeiro.com.ar/0-164471-8.pdf
=CAT  \\$a11253$b40$c20160114$lBLL01$h1045
=CAT  \\$a10904$b40$c20160318$lBLL01$h1030
=CAT  \\$a10904$b40$c20160318$lBLL01$h1031
=FIN  \\$aY$d20160318
=FMT  \\$a  BK
=LAS  \\$a10904$b40$c20160318$lBLL01$h1031
=SID  \\$aZ39$bOCLC

