=LDR  02102 am a22004817i 4500
=001  017706345
=003  Uk
=005  20160524111453.0
=008  150624s2015\\\\ag\\\\\\\b\\\\000\0\spa\d
=010  \\$a  2014512419
=020  \\$a9789876990219 (paperback)
=035  \\$a(AR-BaFGC)0-158802/10
=040  \\$aAR-BaFGC$beng$cAR-BaFGC$dDLC$dUk$erda
=042  \\$aukblderived
=043  \\$as-ag---
=050  00$aJL2081$b.S22 2015
=100  1\$aSabattini, Virginia,$d1956-$eauthor.
=245  10$aInicio de la nueva izquierda intelectual argentina, 1955-1962 :$buso de democracia en el discurso político de sus revistas /$cVirginia Sabattini ; prólogo, Atilio Boron.
=264  \1$aVilla María, Córdoba, Argentina :$bEduvim,$c[2015]
=300  \\$a219 pages ;$c23 cm.
=336  \\$atext$2rdacontent
=337  \\$aunmediated$2rdamedia
=338  \\$avolume$2rdacarrier
=490  0\$aColección Debates
=500  \\$a"Acontecimientos que influyeron en la génesis y el discurso de la niia": pages 173-179.
=500  \\$a"Síntesis de partidos y posiciones políticas": pages 180-182.
=500  \\$a"Contexto intelectual de la niia, circa 1958": pages 183-185.
=500  \\$a"Análisis de los contenidos de las últimas cuatro publicaciones de Contorno, 1956-1959": pages 186-193.
=500  \\$a"Usos y noción de democracia en fragmentos textuales de Contorno, 1956-1959": pages 194-204.
=504  \\$aIncludes bibliographical references (pages 205-219).
=630  00$aContorno (Buenos Aires, Argentina)$xHistory.
=630  00$aSur (Buenos Aires, Argentina)$xHistory.
=650  \0$aRight and left (Political science)$zArgentina$xHistory$y20th century.
=650  \0$aIntellectuals$xPolitical activity$zArgentina$xHistory$y20th century.
=852  41$aBritish Library$bHMNTS$jYF.2016.a.12788
=856  41$uhttp://core.cambeiro.com.ar/0-158802-10.pdf
=985  \\$eGC-FY15
=CAT  \\$a11253$b40$c20160114$lBLL01$h1055
=CAT  \\$a6923$b40$c20160524$lBLL01$h1114
=FIN  \\$aY$d20160524
=FMT  \\$a  BK
=LAS  \\$a6923$b40$c20160524$lBLL01$h1114
=SID  \\$aZ39$bLOC

