=LDR  01621 am a2200433 i 4500
=001  017706360
=003  Uk
=005  20161114110239.0
=008  140918s2013\\\\ag\\\\\\\b\\\f000\0\spa\d
=010  \\$a  2014510074
=020  \\$a9789505792948
=035  \\$a(AR-BaFGC)0-143036/3
=040  \\$aAR-BaFGC$beng$cAR-BaFGC$dDLC$dUk$erda
=042  \\$aukblcatcopy
=043  \\$as-ag---
=050  00$aHD1491.A7$bA38 2013
=100  1\$aAgüero, Juan Omar,$eauthor.
=245  14$aLas cooperativas tabacaleras en Argentina /$cJuan Agüero.
=264  \1$aPosadas, Misiones [Argentina] :$bEditorial Universitaria, Universidad Nacional de Misiones,$c[2013]
=300  \\$a220 pages ;$c23 cm.
=336  \\$atext$2rdacontent
=337  \\$aunmediated$2rdamedia
=338  \\$avolume$2rdacarrier
=490  0\$aEdiciones especiales
=500  \\$aAbridgment of thesis (doctoral)--Universidad de Buenos Aires, 2011.
=500  \\$aStatistical annex: pages 181-220.
=504  \\$aIncludes bibliographical references (pages 169-178).
=650  \0$aAgriculture, Cooperative$zArgentina$xHistory$y20th century.
=650  \0$aAgriculture, Cooperative$zArgentina$xHistory$y21st century.
=650  \0$aTobacco industry$zArgentina$xHistory$y20th century.
=650  \0$aTobacco industry$zArgentina$xHistory$y21st century.
=852  41$aBritish Library$bHMNTS$jYF.2016.a.24277
=856  41$uhttp://core.cambeiro.com.ar/0-143036-3.pdf
=CAT  \\$a11253$b40$c20160114$lBLL01$h1105
=CAT  \\$a5703$b40$c20161114$lBLL01$h1102
=FIN  \\$aY$d20161114
=FMT  \\$a  BK
=LAS  \\$a5703$b40$c20161114$lBLL01$h1102
=SRC  \\$aBLL02

