=LDR  01520 am a22004457i 4500
=001  017706377
=003  Uk
=005  20160524105537.0
=008  150506s2015\\\\ag\\\\\\\b\\\\000\0\spa\d
=010  \\$a  2014512120
=020  \\$a9789504946137 (paperback)
=035  \\$a(AR-BaFGC)0-646/189
=040  \\$aAR-BaFGC$beng$cAR-BaFGC$dDLC$dUk$erda
=042  \\$aukblderived
=043  \\$as-ag---
=050  00$aF2849.33.K55$bI23 2015
=100  1\$aIbarra, Vilma,$d1960-$eauthor.
=245  10$aCristina versus Cristina :$bel ocaso del relato /$cVilma Ibarra.
=264  \1$aC.A.B.A. :$bPlaneta,$c[2015]
=300  \\$a376 pages ;$c23 cm.
=336  \\$atext$2rdacontent
=337  \\$aunmediated$2rdamedia
=338  \\$avolume$2rdacarrier
=490  0\$aEspejo de la Argentina
=500  \\$aPublished in Buenos Aires.
=504  \\$aIncludes bibliographical references.
=600  10$aFernández de Kirchner, Cristina$xOratory.
=600  10$aFernández de Kirchner, Cristina$xLanguage.
=650  \0$aPolitical oratory$zArgentina$xHistory$y20th century.
=650  \0$aPolitical oratory$zArgentina$xHistory$y21st century.
=651  \0$aArgentina$xPolitics and government$y1983-
=852  41$aBritish Library$bHMNTS$jYF.2016.a.12791
=856  41$uhttp://core.cambeiro.com.ar/0-646-189.pdf
=985  \\$eGC-FY15
=CAT  \\$a11253$b40$c20160114$lBLL01$h1117
=CAT  \\$a6923$b40$c20160524$lBLL01$h1055
=FIN  \\$aY$d20160524
=FMT  \\$a  BK
=LAS  \\$a6923$b40$c20160524$lBLL01$h1055
=SID  \\$aZ39$bLOC

