=LDR  01686 am a2200445 i 4500
=001  017706382
=003  Uk
=005  20161115135709.0
=008  150706s2015\\\\ag\a\\\\\b\\\\000\0\spa\d
=010  \\$a  2014512559
=020  \\$a9789871985647
=035  \\$a(AR-BaFGC)0-179024/1
=040  \\$aAR-BaFGC$beng$cAR-BaFGC$dDLC$dUk$erda
=042  \\$aukblcatcopy
=043  \\$alsfk---$as-ag---$ae-uk---
=050  00$aF3031$b.P37 2015
=100  1\$aPastorino, Ana,$eauthor.
=245  10$aColonialismo en el siglo XXI :$bla estrategia del imperio para mantener la ocupación de las Malvinas /$cAna Pastorino, Maximiliano J. Álvarez, Gabriel H. Rosa.
=264  \1$aLa Plata, Buenos Aires, Argentina :$bEditorial de la Universidad Nacional de La Plata (Edulp),$c[2015]
=300  \\$a155 pages :$billustrations ;$c21 cm.
=336  \\$atext$2rdacontent
=337  \\$aunmediated$2rdamedia
=338  \\$avolume$2rdacarrier
=490  0\$aNuestras Malvinas. Ensayo
=504  \\$aIncludes bibliographical references (pages 149-155).
=650  \0$aImperialism.
=650  \0$aTerritory, National$zArgentina.
=651  \0$aFalkland Islands$xInternational status.
=651  \0$aGreat Britain$xRelations$zFalkland Islands.
=651  \0$aFalkland Islands$xRelations$zGreat Britain.
=700  1\$aÁlvarez, Maximiliano J.,$eauthor.
=700  1\$aRosa, Gabriel H.,$eauthor.
=852  41$aBritish Library$bHMNTS$jYF.2016.a.24419
=856  41$uhttp://core.cambeiro.com.ar/0-179024-1.pdf
=CAT  \\$a11253$b40$c20160114$lBLL01$h1120
=CAT  \\$a5703$b40$c20161115$lBLL01$h1357
=FIN  \\$aY$d20161115
=FMT  \\$a  BK
=LAS  \\$a5703$b40$c20161115$lBLL01$h1357
=SRC  \\$aBLL02

