=LDR  01790 am a2200481 i 4500
=001  017706386
=003  Uk
=005  20170518083032.0
=008  150518s2014\\\\ag\a\\\\\b\\\\010\0dspa\d
=010  \\$a  2014512189
=020  \\$a9789877130362
=035  \\$a(AR-BaFGC)0-176257/0
=040  \\$aAR-BaFGC$beng$cAR-BaFGC$dDLC$dUk$erda
=042  \\$aukblcatcopy
=043  \\$as-ag---
=050  00$aF2846$b.C517 2014
=100  1\$aChávez, Fermín,$eauthor.
=240  10$aWorks.$kSelections
=245  10$aFermín Chávez inédito /$cDaniel Brión (compilador).
=264  \1$a[Buenos Aires] :$bEdiciones Fabro,$c2014.
=300  \\$a373 pages :$billustrations ;$c22 cm
=336  \\$atext$2rdacontent
=337  \\$aunmediated$2rdamedia
=338  \\$avolume$2rdacarrier
=500  \\$aContains one previously unpublished essay plus some poems and articles.
=500  \\$a"A Don Fermín Chávez, Homenaje de Municipalidad de Nogoyá y Honorable Cámara de Diputados de la Provincia de Entre Ríos."--page 7.
=504  \\$aIncludes bibliographical references (page 371).
=600  10$aChávez, Fermín.
=650  \0$aHistorians$zArgentina.
=651  \0$aArgentina$xCivilization$y19th century.
=651  \0$aArgentina$xPolitics and government$y1817-1860.
=700  1\$aBrión, Daniel,$d1956-$eeditor.
=740  0\$aLetras en tiempos de Rosas.
=852  41$aBritish Library$bHMNTS$jYF.2017.a.13227
=856  41$uhttp://core.cambeiro.com.ar/0-176257-0.pdf
=CAT  \\$a11253$b40$c20160114$lBLL01$h1122
=CAT  \\$a11002$b40$c20170518$lBLL01$h0830
=CAT  \\$aBATCH-UPD$b40$c20181005$lBLL01$h2103
=CAT  \\$aBATCH-UPD$b40$c20211022$lBLL01$h2046
=FIN  \\$aY$d20170518
=FMT  \\$a  BK
=LAS  \\$aBATCH-UPD$b40$c20211022$lBLL01$h2046
=SRC  \\$aBLL02

