=LDR  01578cam a2200433 i 4500
=001  017706397
=003  Uk
=005  20160719112658.0
=008  150227s2014\\\\ag\\\\\\\b\\\f001\0\spa\d
=020  \\$a9789871889471
=020  \\$a987188947X
=035  \\$a(OCoLC)912242932
=040  \\$aAR-BaFGC$beng$cN15$dOCLCO$dOCLCF$dUk$erda
=042  \\$aukblderived
=043  \\$as-ag---
=050  \4$aN6635.5.V53$bG37 2014
=100  1\$aGaravelli, Clara,$eauthor.
=245  10$aVideo experimental argentino contemporáneo :$buna cartografía crítica /$cClara Garavelli.
=264  \1$a[Sáenz Peña, Buenos Aires, Argentina] :$bEDUNTREF, Editorial de la Universidad Nacional de Tres de Febrero,$c[2014]
=300  \\$a326 pages ;$c23 cm
=336  \\$atext$2rdacontent
=337  \\$aunmediated$2rdamedia
=338  \\$avolume$2rdacarrier
=504  \\$aIncludes bibliographical references (pages 307-319) and index.
=650  \0$aVideo art$zArgentina.
=650  \0$aArt, Argentine$y20th century.
=650  \0$aArt, Argentine$y21st century.
=650  \7$aArt, Argentine.$2fast$0(OCoLC)fst00815940
=650  \7$aVideo art.$2fast$0(OCoLC)fst01166389
=651  \7$aArgentina.$2fast$0(OCoLC)fst01205614
=852  41$aBritish Library$bHMNTS$jYF.2016.a.16611
=856  41$uhttp://core.cambeiro.com.ar/0-177354-0.pdf
=CAT  \\$a11253$b40$c20160114$lBLL01$h1127
=CAT  \\$a5703$b40$c20160719$lBLL01$h1126
=CAT  \\$aW2308-1659$c20230923$lBLL01$h1004
=FIN  \\$aY$d20160719
=FMT  \\$a  BK
=LAS  \\$aW2308-1659$b00$c20230923$lBLL01$h1004
=SID  \\$aZ39$bOCLC

