=LDR  01357 am a2200385 i 4500
=001  017706421
=003  Uk
=005  20160318090457.0
=008  141212s2014\\\\ag\a\\\\\b\\\\000\0\spa\d
=010  \\$a  2014510177
=020  \\$a9789871567362
=035  \\$a(AR-BaFGC)0-172532/0
=040  \\$aAR-BaFGC$beng$cAR-BaFGC$dDLC$dUk$erda
=042  \\$aukblderived
=050  00$aPQ7797.C7145$bZ567 2014
=100  1\$aAletto, Carlos Daniel,$eauthor.
=245  10$aJulio Cortázar :$bdiálogo para una poética /$cCarlos Daniel Aletto.
=264  \1$aCiudad Autónoma de Buenos Aires :$bPunto de Encuentro,$c[2014]
=300  \\$a188 pages :$billustrations ;$c22 cm
=336  \\$atext$2rdacontent
=337  \\$aunmediated$2rdamedia
=338  \\$avolume$2rdacarrier
=504  \\$aIncludes bibliographical references (pages 181-183).
=600  10$aCortázar, Julio$xCriticism and interpretation.
=650  \0$aSemiotics and literature.
=852  41$aBritish Library$bHMNTS$jYF.2016.a.7566
=856  41$uhttp://core.cambeiro.com.ar/0-172532-0.pdf
=CAT  \\$a11253$b40$c20160114$lBLL01$h1137
=CAT  \\$aBATCH-UPD$b40$c20160114$lBLL01$h1138
=CAT  \\$a10904$b40$c20160318$lBLL01$h0904
=CAT  \\$aBATCH-UPD$b40$c20170918$lBLL01$h2040
=FIN  \\$aY$d20160318
=FMT  \\$a  BK
=LAS  \\$aBATCH-UPD$b40$c20170918$lBLL01$h2040
=SRC  \\$aBLL02

