=LDR  01492 am a2200433 i 4500
=001  017706491
=003  Uk
=005  20160719111355.0
=008  151014s2015\\\\ag\\\\\\\b\\\\000\0\spa\d
=010  \\$a  2016365044
=020  \\$a9789874509857
=035  \\$a(AR-BaFGC)0-168246/2
=040  \\$aAR-BaFGC$beng$cAR-BaFGC$dDLC$dUk$erda
=042  \\$aukblcatcopy
=043  \\$as-ag---
=050  00$aZ519$b.D54 2015
=100  1\$aDiego, José Luis de,$eauthor.
=240  10$aEssays.$kSelections
=245  13$aLa otra cara de Jano :$buna mirada crítica sobre el libro y la edición /$cJosé Luis de Diego.
=250  \\$aPrimera edición.
=264  \1$aCiudad Autónoma de Buenos Aires :$bAmpersand,$c2015.
=300  \\$a351 pages ;$c22 cm.
=336  \\$atext$2rdacontent
=337  \\$aunmediated$2rdamedia
=338  \\$avolume$2rdacarrier
=490  0\$aColección Scripta Manent
=504  \\$aIncludes bibliographical references.
=650  \0$aPublishers and publishing$zArgentina.
=650  \0$aBook industries and trade$zArgentina.
=700  12$iContainer of (work):$aDiego, José Luis de$tBoom latinoamericano.
=852  41$aBritish Library$bHMNTS$jYF.2016.a.16613
=856  41$uhttp://core.cambeiro.com.ar/0-168246-2.pdf
=CAT  \\$a11253$b40$c20160114$lBLL01$h1245
=CAT  \\$aWR14_128$c20160226$lBLL01$h1635
=CAT  \\$a5703$b40$c20160719$lBLL01$h1113
=FIN  \\$aY$d20160719
=FMT  \\$a  BK
=LAS  \\$a5703$b40$c20160719$lBLL01$h1113
=SRC  \\$aBLL02

