=LDR  01843 am a2200457 i 4500
=001  017706506
=003  Uk
=005  20161031163402.0
=008  150528s2014\\\\ag\a\\\\\b\\\\000\0\spa\d
=010  \\$a  2014512373
=020  \\$a9789871650859 (paperback)
=035  \\$a(AR-BaFGC)0-178426/2
=040  \\$aAR-BaFGC$beng$cAR-BaFGC$dDLC$dUk$erda
=042  \\$aukblsr
=043  \\$as-ag---
=050  00$aHN266$b.A38 2014
=100  1\$aAguilar, Paula Lucía,$eauthor.
=245  13$aEl hogar como problema y como solución :$buna mirada genealógica de la domesticidad a través de las políticas sociales : Argentina, 1890-1940 /$cPaula Lucía Aguilar.
=264  \1$aBuenos Aires, Argentina :$bCentro Cultural de la Cooperación Floreal Gorini,$c[2014]
=300  \\$a310 pages :$billustrations (black and white) ;$c23 cm.
=336  \\$atext$2rdacontent
=337  \\$aunmediated$2rdamedia
=338  \\$avolume$2rdacarrier
=490  1\$aHistoria del presente
=500  \\$aBased on the author's thesis (doctoral)--Universidad de Buenos Aires.
=504  \\$aIncludes bibliographical references (pages 281-310).
=650  \0$aHome$zArgentina.
=651  \0$aArgentina$xSocial policy.
=710  2\$aCentro Cultural de la Cooperación (Buenos Aires, Argentina)
=830  \0$aHistoria del presente (Centro Cultural de la Cooperación (Buenos Aires, Argentina))
=852  41$aBritish Library$bHMNTS$jYF.2016.a.24521
=856  41$uhttp://core.cambeiro.com.ar/0-178426-2.pdf
=CAT  \\$a11253$b40$c20160114$lBLL01$h1301
=CAT  \\$a10904$b40$c20160318$lBLL01$h0837
=CAT  \\$a10904$b40$c20160318$lBLL01$h0843
=CAT  \\$a11342$b40$c20161031$lBLL01$h1634
=CAT  \\$aBATCH-UPD$b40$c20161103$lBLL01$h2038
=FIN  \\$aY$d20161031
=FMT  \\$a  BK
=LAS  \\$aBATCH-UPD$b40$c20161103$lBLL01$h2038
=SRC  \\$aBLL02

