=LDR  01642cam a22004337i 4500
=001  017706513
=003  Uk
=005  20160318080901.0
=008  150727s2015\\\\ag\a\\\\\b\\\\000\0\spa\d
=010  \\$a  2014512641
=020  \\$a9789507932007
=035  \\$a(AR-BaFGC)0-178402/2
=040  \\$aAR-BaFGC$beng$cAR-BaFGC$dDLC$dUk$erda
=042  \\$aukblderived
=043  \\$as-ag---
=050  00$aF2849.2$b.S39 2015
=100  1\$aSeminara, Luciana,$eauthor.
=245  10$aBajo la sombra del ombú :$bMontoneros Sabino Navarro, historia de una disidencia /$cLuciana Seminara.
=264  \1$a[Argentina] :$bImago Mundi,$c[2015]
=300  \\$aXVIII, 157 pages :$billustrations ;$c22 cm
=336  \\$atext$2rdacontent
=337  \\$aunmediated$2rdamedia
=338  \\$avolume$2rdacarrier
=500  \\$aOriginally presented as the author's thesis (doctoral)--Universidad Nacional de Rosario, 2012.
=504  \\$aIncludes bibliographical references (pages 153-157).
=610  20$aMontoneros Sabino Navarro (Guerrilla organization)$xHistory.
=650  \0$aLeft-wing extremists$zArgentina$xHistory$y20th century.
=650  \0$aPeronism$xHistory$y20th century.
=651  \0$aArgentina$xPolitics and government$y1955-1983.
=852  41$aBritish Library$bHMNTS$jYF.2017.a.9498
=856  41$uhttp://core.cambeiro.com.ar/0-178402-2.pdf
=CAT  \\$a11253$b40$c20160114$lBLL01$h1315
=CAT  \\$a10904$b40$c20160318$lBLL01$h0807
=CAT  \\$a10904$b40$c20160318$lBLL01$h0809
=CAT  \\$aW2308-1659$c20230923$lBLL01$h1004
=FIN  \\$aY$d20160318
=FMT  \\$a  BK
=LAS  \\$aW2308-1659$b00$c20230923$lBLL01$h1004
=SID  \\$aZ39$bLOC

