=LDR  01514 am a22004217i 4500
=001  017706514
=003  Uk
=005  20160524112831.0
=008  150116s2014\\\\ag\a\\\\\b\\\\000\0bspa\d
=010  \\$a  2014510432
=020  \\$a9789870276258 (paperback)
=035  \\$a(AR-BaFGC)0-176397/0
=040  \\$aAR-BaFGC$beng$cAR-BaFGC$dDLC$dUk$erda
=042  \\$aukblderived
=043  \\$as-ag---
=050  00$aF2848.P3$bV58 2014
=100  1\$aVives Heredia, Pedro,$eauthor.
=245  10$aAlfredo Palacios, el último de los mosqueteros :$bel derecho del trabajo en la legislación argentina /$cPedro Vives Heredia.
=250  \\$a1a ed.
=264  \1$aBuenos Aires :$bEditorial Dunken,$c2014.
=300  \\$a398 pages :$billustrations ;$c21 cm
=336  \\$atext$2rdacontent
=337  \\$aunmediated$2rdamedia
=338  \\$avolume$2rdacarrier
=504  \\$aIncludes bibliographical references (pages 383-387).
=600  10$aPalacios, Alfredo L.$q(Alfredo Lorenzo),$d1878-1965.
=650  \0$aLabor laws and legislation$zArgentina.
=650  \0$aPoliticians$zArgentina$vBiography.
=650  \0$aSocialists$zArgentina$vBiography.
=651  \0$aArgentina$xPolitics and government$y20th century.
=852  41$aBritish Library$bHMNTS$jYF.2016.a.12780
=856  41$uhttp://core.cambeiro.com.ar/0-176397-0.pdf
=CAT  \\$a11253$b40$c20160114$lBLL01$h1316
=CAT  \\$a6923$b40$c20160524$lBLL01$h1128
=FIN  \\$aY$d20160524
=FMT  \\$a  BK
=LAS  \\$a6923$b40$c20160524$lBLL01$h1128
=SRC  \\$aBLL02

