=LDR  01506 am a2200397 i 4500
=001  017706515
=003  Uk
=005  20160318090901.0
=008  150624s2015\\\\ag\\\\\\\b\\\\000\0\spa\d
=010  \\$a  2014512501
=020  \\$a9789871855971
=035  \\$a(AR-BaFGC)0-176925/2
=040  \\$aAR-BaFGC$beng$cAR-BaFGC$dDLC$dUk$erda
=042  \\$aukblderived
=043  \\$as-ag---
=050  00$aF2924$b.A57 2015
=100  1\$aAlonso, Aldo Fabio,$eauthor.
=245  13$aEl peronismo en La Pampa :$bconformación partidaria y construcción estatal, 1945-1955 /$cAldo Fabio Alonso.
=264  \1$aRosario [Santa Fe, Argentina] :$bProhistoria Ediciones,$c2015.
=300  \\$a358 pages ;$c23 cm.
=336  \\$atext$2rdacontent
=337  \\$aunmediated$2rdamedia
=338  \\$avolume$2rdacarrier
=490  0\$aColección Historia política hoy ;$v02
=500  \\$aOriginally presented as the author's thesis (doctoral)--Universidad Nacional del Centro de la Provincia de Buenos Aires.
=504  \\$aIncludes bibliographical references (pages 325-358).
=650  \0$aPeronism$xHistory$y20th century.
=651  \0$aLa Pampa (Argentina : Province)$xPolitics and government$y20th century.
=852  41$aBritish Library$bHMNTS$jYF.2016.a.7585
=856  41$uhttp://core.cambeiro.com.ar/0-176925-2.pdf
=CAT  \\$a11253$b40$c20160114$lBLL01$h1319
=CAT  \\$a10904$b40$c20160318$lBLL01$h0909
=FIN  \\$aY$d20160318
=FMT  \\$a  BK
=LAS  \\$a10904$b40$c20160318$lBLL01$h0909
=SRC  \\$aBLL02

