=LDR  01586 am a22004577i 4500
=001  017706519
=003  Uk
=005  20170406145506.0
=008  160118e201505\\ag\\\\\\\b\\\\000\0\spa\d
=010  \\$a  2016365319
=020  \\$a9789500208741
=035  \\$a(AR-BaFGC)0-179532/0
=040  \\$aAR-BaFGC$beng$cAR-BaFGC$dDLC$erda
=042  \\$aukblderived
=043  \\$acl-----
=050  00$aJL2098.A1$bD55 2015
=100  1\$aDi Tella, Torcuato S.,$d1929-$eauthor.
=245  10$aCoaliciones políticas :$bla Argentina en perspectiva /$cTorcuato Di Tella.
=250  \\$a1a edición.
=264  \1$aBuenos Aires, Argentina :$bEditorial El Ateneo,$cmayo de 2015.
=300  \\$a345 pages ;$c23 cm
=336  \\$atext$2rdacontent
=337  \\$aunmediated$2rdamedia
=338  \\$avolume$2rdacarrier
=504  \\$aIncludes bibliographical references (page 347).
=650  \0$aPolitical parties$zArgentina.
=650  \0$aRight and left (Political science)$zArgentina.
=650  \0$aPolitical parties$zLatin America.
=650  \0$aRight and left (Political science)$zLatin America.
=650  \0$aSocialism$zArgentina.
=650  \0$aSocialism$zLatin America.
=651  \0$aLatin America$xPolitics and government.
=651  \0$aArgentina$xPolitics and government.
=852  41$aBritish Library$bHMNTS$jYF.2017.a.9442
=856  41$uhttp://core.cambeiro.com.ar/0-179532-0.pdf
=CAT  \\$a11253$b40$c20160114$lBLL01$h1328
=CAT  \\$a11002$b40$c20170406$lBLL01$h1455
=FIN  \\$aY$d20170406
=FMT  \\$a  BK
=LAS  \\$a11002$b40$c20170406$lBLL01$h1455
=SRC  \\$aBLL02

