=LDR  01869 am a2200457 i 4500
=001  017706529
=003  Uk
=005  20170406132417.0
=008  150810s2015\\\\ag\a\\\\\b\\\\000\0\spa\d
=010  \\$a  2016365886
=020  \\$a9789873864025
=035  \\$a(AR-BaFGC)0-176925/3
=040  \\$aAR-BaFGC$beng$cAR-BaFGC$dDLC$dUk$erda
=042  \\$aukblderived
=043  \\$as-ag---
=050  00$aF3011.T89$bV55 2015
=100  1\$aVignoli, Marcela,$eauthor.
=245  10$aSociabilidad y cultura política :$bla Sociedad Sarmiento de Tucumán, 1880-1914 /$cMarcela Vignoli.
=264  \1$aRosario :$bProhistoria Ediciones,$c2015.
=300  \\$a163 pages :$b1 illustration ;$c23 cm.
=336  \\$atext$2rdacontent
=337  \\$aunmediated$2rdamedia
=338  \\$avolume$2rdacarrier
=490  0\$aColección Historia política hoy ;$v04
=500  \\$aOriginally presented as the author's thesis (doctoral)--Universidad Nacional de Tucumán, 2011.
=500  \\$aPublished in Rosario, Santa Fe, Argentina.
=504  \\$aIncludes bibliographical references (pages 155-163).
=610  20$aSociedad Sarmiento (San Miguel de Tucumán, Argentina)$xHistory$y19th century.
=610  20$aSociedad Sarmiento (San Miguel de Tucumán, Argentina)$xHistory$y20th century.
=650  \0$aPatriotism$zArgentina$zSan Miguel de Tucumán.
=651  \0$aSan Miguel de Tucumán (Argentina)$xIntellectual life$y19th century.
=651  \0$aSan Miguel de Tucumán (Argentina)$xIntellectual life$y20th century.
=852  41$aBritish Library$bHMNTS$jYF.2017.a.9499
=856  41$uhttp://core.cambeiro.com.ar/0-176925-3.pdf
=CAT  \\$a11253$b40$c20160114$lBLL01$h1342
=CAT  \\$a11002$b40$c20170406$lBLL01$h1323
=CAT  \\$a11002$b40$c20170406$lBLL01$h1324
=FIN  \\$aY$d20170406
=FMT  \\$a  BK
=LAS  \\$a11002$b40$c20170406$lBLL01$h1324
=SRC  \\$aBLL02

