=LDR  01509 am a22003977i 4500
=001  017708030
=003  Uk
=005  20170418133330.0
=008  160229s2015\\\\ag\a\\\\\c\\\\000\0\spa\d
=010  \\$a  2016365380
=035  \\$a(AR-BaFGC)0-181013/0
=040  \\$aAR-BaFGC$beng$cAR-BaFGC$dDLC$dUk$erda
=042  \\$aukblderived
=043  \\$as-ag---
=050  00$aF2849$b.I53 2015
=245  03$aLa incesante publicística :$bfolletos del primer peronismo : (1945-1955). /$ccuraduría: Roberto Baschetti. Coordinación: Bárbara Maier.
=264  \1$a[Buenos Aires] :$bBiblioteca Nacional,$c[2015]
=300  \\$a182 pages :$bcolor illustrations ;$c27 cm
=336  \\$atext$2rdacontent
=337  \\$aunmediated$2rdamedia
=338  \\$avolume$2rdacarrier
=500  \\$aCatalog for an exhibition held at Biblioteca Nacional de Buenos Aires on Oct. 2015.
=650  \0$aPeronism$vPosters$vExhibitions.
=650  \0$aPropaganda$zArgentina$xHistory$y20th century$vExhibitions.
=651  \0$aArgentina$xPolitics and government$y1943-1955.
=700  1\$aBaschetti, Roberto,$ecurator.
=700  1\$aMaier, Bárbara,$eeditor.
=710  2\$aBiblioteca Nacional (Argentina),$esponsoring body.
=852  41$aBritish Library$bHMNTS$jYF.2017.b.1076
=856  41$uhttp://core.cambeiro.com.ar/0-181013-0.pdf
=CAT  \\$a9810$b40$c20160118$lBLL01$h1032
=CAT  \\$a11002$b40$c20170418$lBLL01$h1333
=FIN  \\$aY$d20170418
=FMT  \\$a  BK
=LAS  \\$a11002$b40$c20170418$lBLL01$h1333
=SRC  \\$aBLL02

