=LDR  01304 am a2200373 i 4500
=001  017899551
=003  Uk
=005  20160629154422.0
=008  151015s2015\\\\ag\\\\\\\b\\\\000\0\spa\d
=010  \\$a  2016365195
=020  \\$a9789500530828
=035  \\$a(AR-BaFGC)0-122116/56
=040  \\$aAR-BaFGC$beng$cAR-BaFGC$dDLC$dUk$erda
=042  \\$aukblcatcopy
=050  00$aPQ8098.12.O38$bZ515 2015
=100  1\$aAguilar, Paula,$eauthor.
=245  10$aLibros de arena, desiertos de horror :$bliteratura y memoria en la narrativa de Roberto Bolaño /$cPaula Aguilar.
=264  \1$aBs. As. :$bCorregidor,$c[2015]
=300  \\$a282 pages ;$c20 cm.
=336  \\$atext$2rdacontent
=337  \\$aunmediated$2rdamedia
=338  \\$avolume$2rdacarrier
=490  0\$aNueva crítica hispanoamericana
=500  \\$aPlace of publication: Buenos Aires, Argentina.
=504  \\$aIncludes bibliographical references (pages 257-280).
=600  10$aBolaño, Roberto,$d1953-2003$xCriticism and interpretation.
=650  \0$aMemory in literature.
=852  41$aBritish Library$bHMNTS$jYF.2016.a.15567
=856  41$uhttp://core.cambeiro.com.ar/0-122116-56.pdf
=CAT  \\$a8197$b40$c20160629$lBLL01$h1544
=FIN  \\$aY$d20160629
=FMT  \\$a  BK
=LAS  \\$a8197$b40$c20160629$lBLL01$h1544
=SRC  \\$aBLL02

