=LDR  01342 am a2200373 i 4500
=001  017899553
=003  Uk
=005  20160629154554.0
=008  151002s2015\\\\ag\\\\\\\b\\\\000\0\spa\d
=010  \\$a  2016365026
=020  \\$a9789500530798
=035  \\$a(AR-BaFGC)0-122116/55
=040  \\$aAR-BaFGC$beng$cAR-BaFGC$dDLC$dUk$erda
=042  \\$aukblcatcopy
=050  00$aPQ7797.S22435$bZ55 2015
=100  1\$aBrando, Oscar,$d1954-$eauthor.
=245  13$aLa escritura de Juan José Saer :$bla tercera orilla del río /$cOscar Brando.
=264  \1$aBs. As. :$bCorregidor,$c[2015]
=300  \\$a346 pages ;$c20 cm.
=336  \\$atext$2rdacontent
=337  \\$aunmediated$2rdamedia
=338  \\$avolume$2rdacarrier
=490  0\$aNueva crítica hispanoamericana
=500  \\$aPlace of publication: Buenos Aires, Argentina.
=500  \\$aBased on the author's thesis (doctoral)--Université Charles de Gaulle-Lille III, 2013.
=504  \\$aIncludes bibliographical references (pages 325-344).
=600  10$aSaer, Juan José,$d1937-2005$xCriticism and interpretation.
=852  41$aBritish Library$bHMNTS$jYF.2016.a.15568
=856  41$uhttp://core.cambeiro.com.ar/0-122116-55.pdf
=CAT  \\$a8197$b40$c20160629$lBLL01$h1545
=FIN  \\$aY$d20160629
=FMT  \\$a  BK
=LAS  \\$a8197$b40$c20160629$lBLL01$h1545
=SRC  \\$aBLL02

