=LDR  01358 am a2200397 i 4500
=001  017899910
=003  Uk
=005  20170328081121.0
=008  150707s2015\\\\ag\ab\\\\b\\\\000\0dspa\d
=010  \\$a  2014512495
=020  \\$a9789871942305
=035  \\$a(AR-BaFGC)0-159039/14
=040  \\$aAR-BaFGC$beng$cAR-BaFGC$dDLC$dUk$erda
=042  \\$aukblderived
=050  00$aF3031$b.B475 2015
=100  1\$aBetts, Alexander,$eauthor.
=245  10$aCrónicas de guerra :$bMalvinas 1982 /$cAlejandro J. Betts Goss.
=250  \\$aPrimera edición.
=264  \1$a[Buenos Aires, Argentina] :$bEdiciones Argentinidad,$c[2015]
=300  \\$a326 pages :$billustrations, maps ;$c23 cm.
=336  \\$atext$2rdacontent
=337  \\$aunmediated$2rdamedia
=338  \\$avolume$2rdacarrier
=490  0\$aColección Malvinas
=504  \\$aIncludes bibliographical references.
=600  10$aBetts, Alexander$vDiaries.
=650  \0$aFalkland Islands War, 1982$xPersonal narratives, Falkland Islanders.
=852  41$aBritish Library$bHMNTS$jYF.2017.a.8146
=856  41$uhttp://core.cambeiro.com.ar/0-159039-14.pdf
=CAT  \\$a6503$b40$c20160630$lBLL01$h1152
=CAT  \\$a11131$b40$c20170328$lBLL01$h0809
=CAT  \\$a11131$b40$c20170328$lBLL01$h0811
=FIN  \\$aY$d20170328
=FMT  \\$a  BK
=LAS  \\$a11131$b40$c20170328$lBLL01$h0811
=SRC  \\$aBLL02

