=LDR  01535 am a2200409 i 4500
=001  017923065
=003  Uk
=005  20170201104706.0
=008  150731s2015\\\\ag\a\\\\\b\\\\000\0dspa\d
=010  \\$a  2014512683
=020  \\$a9789871942336
=035  \\$a(AR-BaFGC)0-159039/15
=040  \\$aAR-BaFGC$beng$cAR-BaFGC$dDLC$dUk$erda
=042  \\$aukblderived
=043  \\$alsfk---$as-ag---
=050  00$aF3031.5$b.F47 2015
=245  00$a649 eternos centinelas de Malvinas /$cArmando S. Fernández ; agradecimiento a quienes colaboraron en este libro: Dr. Oscar Abudara Bini [and twenty nine others].
=246  3\$aSeiscientos cuarenta y nueve eternos centinelas de Malvinas
=264  \1$a[Buenos Aires] :$bEdiciones Argentinidad,$c[2015]
=300  \\$a148 pages :$billustrations ;$c23 cm.
=336  \\$atext$2rdacontent
=337  \\$aunmediated$2rdamedia
=338  \\$avolume$2rdacarrier
=490  0\$aColección Malvinas
=504  \\$aIncludes bibliographical references.
=650  \0$aFalkland Islands War, 1982$xPersonal narratives, Argentine.
=650  \0$aArmed forces$zArgentina$vAnecdotes.
=700  1\$aFernández, Armando S.,$d1945-$eeditor,$eauthor.
=852  41$aBritish Library$bHMNTS$jYF.2017.a.2674
=856  41$uhttp://core.cambeiro.com.ar/0-159039-15.pdf
=CAT  \\$a9518$b40$c20160711$lBLL01$h0901
=CAT  \\$a11131$b40$c20170201$lBLL01$h1047
=CAT  \\$a5194$b40$c20180122$lBLL01$h1141
=FIN  \\$aY$d20170201
=FMT  \\$a  BK
=LAS  \\$a5194$b40$c20180122$lBLL01$h1141
=SRC  \\$aBLL02

