=LDR  01299 am a2200397 i 4500
=001  017952853
=003  Uk
=005  20161116080209.0
=008  151222e201510\\ag\\\\\\\b\\\\000\0dspa\d
=010  \\$a  2016365212
=020  \\$a9789877351095
=035  \\$a(AR-BaFGC)0-180807/0
=040  \\$aAR-BaFGC$beng$cAR-BaFGC$dDLC$dUk$erda
=042  \\$aukblcatcopy
=050  00$aPQ7797.G386$bZ674 2015
=100  1\$aFontanet, Hernán,$eauthor.
=245  10$aGelman :$bun poeta y su vida /$cHernán Fontanet.
=250  \\$aPrimera edición.
=264  \1$aBuenos Aires :$bAguilar,$coctubre de 2015.
=300  \\$a247 pages ;$c23 cm
=336  \\$atext$2rdacontent
=337  \\$aunmediated$2rdamedia
=338  \\$avolume$2rdacarrier
=500  \\$a"Testimonios sobre Juan Gelman": pages 223-226.
=500  \\$a"La hora de los premios": pages 227-230.
=504  \\$aIncludes bibliographical references.
=504  \\$aDiscography: pages 231-235.
=600  10$aGelman, Juan,$d1930-2014.
=852  41$aBritish Library$bHMNTS$jYF.2016.a.24286
=856  41$uhttp://core.cambeiro.com.ar/0-180807-0.pdf
=CAT  \\$a11253$b40$c20160802$lBLL01$h1128
=CAT  \\$a5703$b40$c20161116$lBLL01$h0802
=FIN  \\$aY$d20161116
=FMT  \\$a  BK
=LAS  \\$a5703$b40$c20161116$lBLL01$h0802
=SRC  \\$aBLL02

