=LDR  02119 am a2200409 i 4500
=001  017952856
=003  Uk
=005  20170328090511.0
=008  150730s2015\\\\ag\\\\\\\b\\\\001\0\spa\d
=010  \\$a  2014512681
=020  \\$a9789874544858
=035  \\$a(AR-BaFGC)0-178344/0
=040  \\$aAR-BaFGC$beng$cAR-BaFGC$dDLC$dUk$erda
=042  \\$aukblderived
=043  \\$as-bo---
=050  00$aPQ7803$b.R48 2015
=245  00$aRevers(ion)ado :$bensayos sobre narrativas bolivianas /$cMagdalena González Almada (compiladora).
=246  3\$aReversionado
=264  \1$aCórdoba, Argentina :$bPortaculturas,$c[2015]
=300  \\$a176 pages ;$c23 cm
=336  \\$atext$2rdacontent
=337  \\$aunmediated$2rdamedia
=338  \\$avolume$2rdacarrier
=504  \\$aIncludes bibliographical references and index.
=505  0\$aComiendo con Pamela Romano / Mariana Inés Lardone -- Recorriendo senderos imaginales / Catalina Sánchez, Belisario Salazar -- El júbilo de la comunidad : imágenes soberanas, destrucción del lenguaje y experiencia del errante en "Era ya oscurecido" de Jaime Sáenz / Lara Sofía Benmergui -- Los rincones urbandinos de William Camacho / Florencia Rossi -- Aproximaciones en torno a los lugares del cuerpo en Las camaleonas de Giovanna Rivero / Magdalena González Almada -- Género telepático / Sofía Pellicci -- Los extremos de la locura : Norte de Edmundo Paz Soldán / María José Daona -- A dos latitudes / Hina Soledad Ponce -- La lingüística matemática y lo aymara / Fátima Manuela Alonso -- El país del silencio / Juan Pablo Piñeiro.
=650  \0$aBolivian literature$xHistory and criticism.
=700  1\$aGonzález Almada, Magdalena,$eeditor.
=700  12$aSánchez, Catalina.
=852  41$aBritish Library$bHMNTS$jYF.2017.a.8165
=856  41$uhttp://core.cambeiro.com.ar/0-178344-0.pdf
=CAT  \\$a11253$b40$c20160802$lBLL01$h1130
=CAT  \\$aBATCH-UPD$b40$c20160802$lBLL01$h1130
=CAT  \\$a11131$b40$c20170328$lBLL01$h0905
=FIN  \\$aY$d20170328
=FMT  \\$a  BK
=LAS  \\$a11131$b40$c20170328$lBLL01$h0905
=SRC  \\$aBLL02

