=LDR  01583 am a2200445 i 4500
=001  017952857
=003  Uk
=005  20161114110944.0
=008  151106s2015\\\\ag\a\\\\\b\\\\000\0dspa\d
=010  \\$a  2016365057
=020  \\$a9789873708206
=035  \\$a(AR-BaFGC)0-174104/20
=040  \\$aAR-BaFGC$beng$cAR-BaFGC$dDLC$dUk$erda
=042  \\$aukblcatcopy
=043  \\$as-uy---$as-ag---
=050  00$aPQ8520.22.E9$bZ48 2015
=100  1\$aLevrero, Mario,$eauthor.
=245  10$aCorrespondencia /$cMario Levrero, Francisco Gandolfo ; investigación, prólogo y notas de Osvaldo Aguirre.
=264  \1$aRosario, Argentina :$bIvan Rosado,$c[2015]
=300  \\$a213 pages :$billustrations ;$c20 cm.
=336  \\$atext$2rdacontent
=337  \\$aunmediated$2rdamedia
=338  \\$avolume$2rdacarrier
=490  0\$aSelecciones Ivan Rosado
=504  \\$aIncludes bibliographical references.
=600  10$aLevrero, Mario$vCorrespondence.
=600  10$aGandolfo, Francisco,$d1921-2008$vCorrespondence.
=650  \0$aAuthors, Uruguayan$vCorrespondence.
=650  \0$aAuthors, Argentine$vCorrespondence.
=700  1\$aGandolfo, Francisco,$d1921-2008,$eauthor.
=700  1\$aAguirre, Osvaldo,$d1964-$eeditor.
=852  41$aBritish Library$bHMNTS$jYF.2016.a.24273
=856  41$uhttp://core.cambeiro.com.ar/0-174104-20.pdf
=CAT  \\$a11253$b40$c20160802$lBLL01$h1132
=CAT  \\$aBATCH-UPD$b40$c20160802$lBLL01$h1133
=CAT  \\$a5703$b40$c20161114$lBLL01$h1109
=FIN  \\$aY$d20161114
=FMT  \\$a  BK
=LAS  \\$a5703$b40$c20161114$lBLL01$h1109
=SRC  \\$aBLL02

