=LDR  01428 am a2200397 i 4500
=001  017958950
=003  Uk
=005  20170201113931.0
=008  151016s2015\\\\ag\a\\\\\\\\\\000\0bspa\d
=010  \\$a  2016365129
=020  \\$a9789871942381
=035  \\$a(AR-BaFGC)0-159039/20
=040  \\$aAR-BaFGC$beng$cAR-BaFGC$dDLC$dUk$erda
=042  \\$aukblderived
=043  \\$alsfk---$as-ag---
=050  00$aF3031.5$b.R64 2015
=100  1\$aRolón, Reinaldo W.,$d1961-$eauthor.
=245  10$aMemorias de un infante de marina :$binfancia, juventud, adiestramiento, Canal de Beagle 1978, Islas Malvinas 1982 /$cReinaldo W. Rolón.
=250  \\$aPrimera edición.
=264  \1$a[Buenos Aires] :$bEdiciones Argentinidad,$c[2015]
=300  \\$a119 pages :$billustrations ;$c23 cm.
=336  \\$atext$2rdacontent
=337  \\$aunmediated$2rdamedia
=338  \\$avolume$2rdacarrier
=490  0\$aColección Malvinas
=600  10$aRolón, Reinaldo W.,$d1961-$xChildhood an youth.
=610  20$aArgentina. Armada.$bOfficers$vBiography.
=650  \0$aFalkland Islands War, 1982$vPersonal narratives, Argentine.
=852  41$aBritish Library$bHMNTS$jYF.2017.a.2686
=856  41$uhttp://core.cambeiro.com.ar/0-159039-20.pdf
=CAT  \\$a11253$b40$c20160803$lBLL01$h1310
=CAT  \\$a11131$b40$c20170201$lBLL01$h1139
=FIN  \\$aY$d20170201
=FMT  \\$a  BK
=LAS  \\$a11131$b40$c20170201$lBLL01$h1139
=SRC  \\$aBLL02

