=LDR  01481 am a2200397 i 4500
=001  017958973
=003  Uk
=005  20170328082903.0
=008  150522s2015\\\\ag\\\\\\\b\\\\000\0\spa\d
=010  \\$a  2014512332
=020  \\$a9789872909864
=035  \\$a(AR-BaFGC)0-176455/0
=040  \\$aAR-BaFGC$beng$cAR-BaFGC$dDLC$dUk$erda
=042  \\$aukblderived
=043  \\$as-ag---
=050  00$aHV5840.A7$bF73 2015
=100  10$aFrade, Carlos del,$eauthor.
=245  10$aCiudad blanca, crónica negra :$bpostales del narcotráfico en el Gran Rosario, Santa Fe, Córdoba y Buenos Aires : capitalismo y etapa superior del imperialismo /$cCarlos de Frade.
=246  3\$aPostales del narcotráfico en el Gran Rosario, Santa Fe, Córdoba y Buenos Aires
=264  \1$aRosario, Sta. Fe [Argentina] :$bEditorial Último Recurso,$c2015.
=300  \\$a545 pages ;$c21 cm
=336  \\$atext$2rdacontent
=337  \\$aunmediated$2rdamedia
=338  \\$avolume$2rdacarrier
=504  \\$aIncludes bibliographical references (pages 537-545).
=650  \0$aDrug traffic$zArgentina.
=650  \0$aDrug traffic$zArgentina$vCase studies.
=650  \0$aGangs$zArgentina.
=852  41$aBritish Library$bHMNTS$jYF.2017.a.8137
=856  41$uhttp://core.cambeiro.com.ar/0-176455-0.pdf
=CAT  \\$a11253$b40$c20160803$lBLL01$h1341
=CAT  \\$a11131$b40$c20170328$lBLL01$h0829
=FIN  \\$aY$d20170328
=FMT  \\$a  BK
=LAS  \\$a11131$b40$c20170328$lBLL01$h0829
=SRC  \\$aBLL02

