=LDR  01190 am a2200349 i 4500
=001  017962421
=003  Uk
=005  20170214120424.0
=008  141219s2014\\\\ag\a\\\\\b\\\\000\0\spa\d
=010  \\$a  2014510255
=020  \\$a9789871583720
=035  \\$a(AR-BaFGC)0-176683/0
=040  \\$aAR-BaFGC$beng$cAR-BaFGC$dDLC$dUk$erda
=042  \\$aukblderived
=050  00$aPQ8098.12.O38$bZ54 2014
=100  1\$aAlonso, Luciano,$d1985-$eauthor.
=245  10$aRoberto Bolaño :$buna guía de lectura /$cLuciano Alonso.
=264  \1$a[Buenos Aires?] :$bMilena Caserola,$c[2014]
=300  \\$a219 pages :$bcolor illustrations ;$c21 cm
=336  \\$atext$2rdacontent
=337  \\$aunmediated$2rdamedia
=338  \\$avolume$2rdacarrier
=504  \\$aIncludes bibliographical references (pages 215-218).
=600  10$aBolaño, Roberto,$d1953-2003$xCriticism and interpretation.
=852  41$aBritish Library$bHMNTS$jYF.2017.a.4046
=856  41$uhttp://core.cambeiro.com.ar/0-176683-0.pdf
=CAT  \\$a11253$b40$c20160805$lBLL01$h1331
=CAT  \\$a11002$b40$c20170214$lBLL01$h1204
=FIN  \\$aY$d20170214
=FMT  \\$a  BK
=LAS  \\$a11002$b40$c20170214$lBLL01$h1204
=SRC  \\$aBLL02

