=LDR  01373 am a2200397 i 4500
=001  017966584
=003  Uk
=005  20170815145906.0
=008  150518s2014\\\\ag\af\\\\\\\\\000\0dspa\d
=010  \\$a  2014512786
=020  \\$a9789872177379
=035  \\$a(AR-BaFGC)0-176150/0
=040  \\$aAR-BaFGC$beng$cAR-BaFGC$dDLC$dUk$erda
=042  \\$aukblderived
=050  00$aBX1378.7$b.R46 2014
=100  1\$aRenzis, Miguel Angel de,$eauthor.
=245  10$aFrancisco :$bel compañero de la 201 /$cMiguel Ángel De Renzis.
=250  \\$a1era. edición.
=264  \1$aCiudad Autónoma de Buenos Aires :$bEdiciones Fundación Evita,$c2014.
=300  \\$a307 pages, two unnumbered pages of plates :$billustrations ;$c21 cm
=336  \\$atext$2rdacontent
=337  \\$aunmediated$2rdamedia
=338  \\$avolume$2rdacarrier
=500  \\$aSubtitule on cover: "El Papa peronista."
=600  00$aFrancis,$cPope,$d1936-
=650  \0$aPeronism.
=651  \0$aArgentina$xPolitics and government$y20th century.
=852  41$aBritish Library$bHMNTS$jYF.2017.a.19321
=856  41$uhttp://core.cambeiro.com.ar/0-176150-0.pdf
=CAT  \\$a11253$b40$c20160808$lBLL01$h0933
=CAT  \\$a11002$b40$c20170815$lBLL01$h1457
=CAT  \\$a11002$b40$c20170815$lBLL01$h1459
=FIN  \\$aY$d20170815
=FMT  \\$a  BK
=LAS  \\$a11002$b40$c20170815$lBLL01$h1459
=SRC  \\$aBLL02

