=LDR  01598 am a2200421 i 4500
=001  017966586
=003  Uk
=005  20170201103607.0
=008  150810s2015\\\\ag\\\\\\\b\\\\000\0dspa\d
=010  \\$a  2014512793
=020  \\$a9789874588814
=035  \\$a(AR-BaFGC)0-179474/0
=040  \\$aAR-BaFGC$beng$cAR-BaFGC$dDLC$dUk$erda
=042  \\$aukblderived
=043  \\$as-ag---
=050  00$aP96.P722$bA72 2015
=100  1\$aAlfie, Alejandro,$d1967-$eauthor.
=245  14$aLos agentes de Néstor y Cristina :$blos juegos de poder de Sergio Szpolski y Diego Gvirtz para multiplicar el relato oficial, acumular medios y millones, y otros oscuros negocios /$cAlejandro Alfie ; con la colaboración de Pablo Javier Blanco ; prólogo de Jorge Lanata.
=264  \1$aCABA :$bMargen Izquierdo,$c[2015]
=300  \\$a510 pages ;$c23 cm
=336  \\$atext$2rdacontent
=337  \\$aunmediated$2rdamedia
=338  \\$avolume$2rdacarrier
=500  \\$aPublished in Buenos Aires.
=504  \\$aIncludes bibliographical references (pages 499-503).
=600  10$aSzpolsky, Sergio,$d1965-
=600  10$aGvirtz, Diego,$d1964-
=650  \0$aMass media and propaganda$zArgentina.
=650  \0$aPolitical corruption$zArgentina.
=651  \0$aArgentina$xPolitics and government$y2002-
=852  41$aBritish Library$bHMNTS$jYF.2017.a.2675
=856  41$uhttp://core.cambeiro.com.ar/0-179474-0.pdf
=CAT  \\$a11253$b40$c20160808$lBLL01$h0935
=CAT  \\$a11131$b40$c20170201$lBLL01$h1036
=FIN  \\$aY$d20170201
=FMT  \\$a  BK
=LAS  \\$a11131$b40$c20170201$lBLL01$h1036
=SRC  \\$aBLL02

