=LDR  01534cam a2200433 i 4500
=001  017966593
=003  Uk
=005  20170425105646.0
=008  151116s2015\\\\ag\a\\\\\b\\\\000\0\spa\d
=010  \\$a  2016365314
=020  \\$a9789874571243
=035  \\$a(AR-BaFGC)0-180791/1
=040  \\$aAR-BaFGC$beng$cAR-BaFGC$dDLC$dUk$erda
=042  \\$aukblderived
=043  \\$as-ag---
=050  00$aHD5749$b.Z85 2015
=100  1\$aZullo, Julia,$eauthor.
=245  10$aPiquetes y piqueteros en la prensa argentina (1996-2002) /$cJulia Zullo.
=264  \1$a[Argentina] :$bLa Bicicleta Ediciones,$c[2015]
=300  \\$a318 pages :$billustrations ;$c23 cm.
=336  \\$atext$2rdacontent
=337  \\$aunmediated$2rdamedia
=338  \\$avolume$2rdacarrier
=490  0\$aColección Hipótesis
=504  \\$aIncludes bibliographical references (pages 315-318).
=630  00$aClarín (Buenos Aires, Argentina)
=630  00$aNación (Buenos Aires, Argentina)
=650  \0$aUnemployed$xPolitical activity$xPress coverage$zArgentina.
=650  \0$aProtest movements$xPress coverage$zArgentina.
=651  \0$aArgentina$xPolitics and government$y1983-2002.
=852  41$aBritish Library$bHMNTS$jYF.2017.a.11405
=856  41$uhttp://core.cambeiro.com.ar/0-180791-1.pdf
=CAT  \\$a11253$b40$c20160808$lBLL01$h0939
=CAT  \\$a11002$b40$c20170425$lBLL01$h1056
=CAT  \\$aBATCH-UPD$b40$c20230716$lBLL01$h2247
=FIN  \\$aY$d20170425
=FMT  \\$a  BK
=LAS  \\$aBATCH-UPD$b40$c20230716$lBLL01$h2247
=SID  \\$aZ39$bLOC

