=LDR  01647 am a22004217i 4500
=001  017966617
=003  Uk
=005  20170214093055.0
=008  160721s2015\\\\ag\\\\\\\b\\\\000\0\spa\d
=020  \\$a9789500752688$qpaperback
=020  \\$a9500752689$qpaperback
=035  \\$a(OCoLC)953808729$z(OCoLC)950969017
=040  \\$aEMU$beng$cEMU$dOCLCO$dUk$erda
=042  \\$aukblderived
=050  \4$aF2849.2$b.G73 2015
=100  1\$aGrassi, Ricardo,$eauthor.
=245  10$aPeriodismo sin aliento :$bla revista que cubrió el conflicto y la ruptura de Perón con Montoneros /$cRicardo Grassi.
=246  13$aDescamisado
=250  \\$a1a edición.
=264  \1$aBuenos Aires :$bSudamericana,$c2015.
=300  \\$a444 pages ;$c23 cm
=336  \\$atext$btxt$2rdacontent
=337  \\$aunmediated$bn$2rdamedia
=338  \\$avolume$bnc$2rdacarrier
=504  \\$aIncludes bibliographical references.
=505  0\$aPrimera parte: Identidades -- Segunda parte: La gran fiesta de OAS -- Tercera parte: Final de fiesta -- Cuarta parte: Un paso sin retorno -- El sexto acto de la tragedia (en el que enlazan Afganistán y Argentina).
=610  20$aOrganización Montoneros (Argentina)
=650  \0$aPeronism.
=651  \0$aArgentina$xPolitics and government$y1955-1983.
=852  41$aBritish Library$bHMNTS$jYF.2017.a.4086
=856  41$uhttp://core.cambeiro.com.ar/0-122437-71.pdf
=CAT  \\$a11253$b40$c20160808$lBLL01$h1042
=CAT  \\$a6923$b40$c20170214$lBLL01$h0930
=CAT  \\$aBATCH-UPD$b40$c20171023$lBLL01$h2023
=FIN  \\$aY$d20170214
=FMT  \\$a  BK
=LAS  \\$aBATCH-UPD$b40$c20171023$lBLL01$h2023
=SID  \\$aZ39$bOCLC

