=LDR  01223 am a2200373 i 4500
=001  017966625
=003  Uk
=005  20170214091725.0
=008  151001s2015\\\\ag\\\\\\\b\\\\000\0\spa\d
=010  \\$a  2014512708
=020  \\$a9789500752695 (paperback)
=035  \\$a(AR-BaFGC)0-101003/104
=040  \\$aAR-BaFGC$beng$cAR-BaFGC$dDLC$dUk$erda
=042  \\$aukblderived
=043  \\$as-ag---
=050  00$aPQ7614$b.G25 2015
=100  1\$aGamerro, Carlos,$d1962-$eauthor.
=240  10$aEssays.$kSelections
=245  10$aFacundo o Martín Fierro :$blos libros que inventaron la Argentina /$cCarlos Gamerro.
=264  \1$aBuenos Aires :$bSudamericana,$c[2015]
=300  \\$a523 pages ;$c23 cm
=336  \\$atext$2rdacontent
=337  \\$aunmediated$2rdamedia
=338  \\$avolume$2rdacarrier
=504  \\$aIncludes bibliographical references.
=650  \0$aArgentine literature$xHistory and criticism.
=852  41$aBritish Library$bHMNTS$jYF.2017.a.4089
=856  41$uhttp://core.cambeiro.com.ar/0-101003-104.pdf
=CAT  \\$a11253$b40$c20160808$lBLL01$h1049
=CAT  \\$a6923$b40$c20170214$lBLL01$h0917
=FIN  \\$aY$d20170214
=FMT  \\$a  BK
=LAS  \\$a6923$b40$c20170214$lBLL01$h0917
=SRC  \\$aBLL02

