=LDR  01457 am a2200409 i 4500
=001  017966639
=003  Uk
=005  20170201130205.0
=008  150416s2014\\\\ag\\\\\\\bd\\\001\0\spa\d
=010  \\$a  2014512159
=020  \\$a9789505851416
=035  \\$a(AR-BaFGC)0-124949/11
=040  \\$aAR-BaFGC$beng$cAR-BaFGC$dDLC$dUk$erda
=042  \\$aukblderived
=043  \\$as-ag---
=050  00$aPC4871$b.Z67 2014
=082  00$a467/.98203$223
=100  1\$aZorrilla, Alicia María,$eauthor.
=245  10$aDiccionario gramatical de la lengua española :$bla norma argentina /$cAlicia María Zorrilla.
=264  \1$aBuenos Aires :$bAcademia Argentina de Letras,$c2014.
=300  \\$a749 pages ;$c23 cm.
=336  \\$atext$2rdacontent
=337  \\$aunmediated$2rdamedia
=338  \\$avolume$2rdacarrier
=490  0\$aSerie Estudios lingüísticos y filológicos ;$vXII
=504  \\$aIncludes bibliographical references (pages 731-738) and index.
=650  \0$aSpanish language$zArgentina$xGrammar$vDictionaries.
=650  \0$aSpanish language$zArgentina$xUsage$vDictionaries.
=852  41$aBritish Library$bHMNTS$jYF.2017.a.2665
=856  41$uhttp://core.cambeiro.com.ar/0-124949-11.pdf
=CAT  \\$a11253$b40$c20160808$lBLL01$h1104
=CAT  \\$aBATCH-UPD$b40$c20160808$lBLL01$h1105
=CAT  \\$a11131$b40$c20170201$lBLL01$h1302
=FIN  \\$aY$d20170201
=FMT  \\$a  BK
=LAS  \\$a11131$b40$c20170201$lBLL01$h1302
=SRC  \\$aBLL02

