=LDR  01374 am a22003977a 4500
=001  017966644
=003  Uk
=005  20170214110320.0
=008  130409s2013\\\\ag\ab\\\\b\\\\000\0\spa\d
=010  \\$a  2012516364
=020  \\$a9789872906207 (paperback)
=035  \\$a(AR-BaFGC)0-169384/0
=040  \\$aAR-BaFGC$cAR-BaFGC$dDLC$dUk
=042  \\$aukblderived
=043  \\$as-ag---$as-cl---
=050  00$aF3126$b.M6665 2013
=100  1\$aMoyano, Adrián,$d1964-
=245  10$aKomütuam :$bdescolonizar la historia mapuche en Patagonia /$cAdrián Moyano.
=250  \\$aPrimera edición.
=260  \\$aSan Carlos de Bariloche, Provincia de Río Negro, Argentina :$bAlum Mapu Ediciones,$c2013.
=300  \\$a290 pages :$billustrations, maps ;$c22 cm.
=336  \\$atext$2rdacontent
=337  \\$aunmediated$2rdamedia
=338  \\$avolume$2rdacarrier
=504  \\$aIncludes bibliographical references (277-284).
=650  \0$aMapuche Indians.
=651  \0$aPatagonia (Argentina and Chile)$xHistory.
=852  41$aBritish Library$bHMNTS$jYF.2017.a.4099
=856  41$uhttp://core.cambeiro.com.ar/0-169384-0.pdf
=CAT  \\$a11253$b40$c20160808$lBLL01$h1111
=CAT  \\$aBATCH-ROF$b00$c20160813$lBLL01$h1746
=CAT  \\$a6923$b40$c20170214$lBLL01$h1103
=FIN  \\$aY$d20170214
=FMT  \\$a  BK
=LAS  \\$a6923$b40$c20170214$lBLL01$h1103
=SRC  \\$aBLL02

