=LDR  01514 am a2200421 i 4500
=001  017966646
=003  Uk
=005  20161116075959.0
=008  160310s2015\\\\ag\af\\\\b\\\\000\0dspa\d
=010  \\$a  2016365489
=020  \\$a9789500753128
=035  \\$a(AR-BaFGC)0-109555/112
=040  \\$aAR-BaFGC$beng$cAR-BaFGC$dDLC$dUk$erda
=042  \\$aukblcatcopy
=043  \\$as-ag---
=050  00$aF2849.2$b.D89 2015
=100  1\$aDuzdevich, Aldo,$d1955-$eauthor.
=245  13$aLa lealtad :$blos Montoneros que se quedaron con Perón /$cAldo Duzdevich, Norberto Raffoul, Rodolfo Beltramini.
=264  \1$aBuenos Aires :$bSudamericana,$c[2015]
=300  \\$a262 pages, 8 unnumbered pages of plates :$billustrations ;$c23 cm
=336  \\$atext$2rdacontent
=337  \\$aunmediated$2rdamedia
=338  \\$avolume$2rdacarrier
=504  \\$aIncludes bibliographical references.
=610  20$aJP Lealtad (Organization : Argentina)
=610  20$aMontoneros Soldados de Perón (Organization : Argentina)
=650  \0$aPeronism.
=651  \0$aArgentina$xPolitics and government$y1955-1983.
=700  1\$aRaffoul, Norberto,$d1944-$eauthor.
=700  1\$aBeltramini, Rodolfo,$d1944-$eauthor.
=852  41$aBritish Library$bHMNTS$jYF.2016.a.24285
=856  41$uhttp://core.cambeiro.com.ar/0-109555-112.pdf
=CAT  \\$a11253$b40$c20160808$lBLL01$h1114
=CAT  \\$a5703$b40$c20161116$lBLL01$h0759
=FIN  \\$aY$d20161116
=FMT  \\$a  BK
=LAS  \\$a5703$b40$c20161116$lBLL01$h0759
=SID  \\$aZ39$bLOC

