=LDR  01496cam a22004217i 4500
=001  017966651
=003  Uk
=005  20170214090843.0
=008  160212s2015\\\\ag\\\\\\\b\\\\000\0\spa\d
=010  \\$a  2016365322
=020  \\$a9789875583719 (paperback)
=035  \\$a(AR-BaFGC)0-145938/3
=040  \\$aAR-BaFGC$beng$cAR-BaFGC$dDLC$dUk$erda
=042  \\$aukblderived
=043  \\$as-ag---
=050  00$aHV6250.3.A7$bC47 2015
=100  1\$aCerruti, Pedro,$eauthor.
=245  10$aGenealogía del victimismo :$bviolencia y subjetividad en la Argentina posdictatorial /$cPedro Cerruti.
=264  \1$aBernal [Argentina] :$bUniversidad Nacional de Quilmes Editorial,$c2015.
=300  \\$a431 pages ;$c20 cm.
=336  \\$atext$2rdacontent
=337  \\$aunmediated$2rdamedia
=338  \\$avolume$2rdacarrier
=490  0\$aColección Comunicación y cultura
=504  \\$aIncludes bibliographical references (pages 411-431).
=650  \0$aVictims of crimes$zArgentina.
=650  \0$aUrban violence$zArgentina$xPublic opinion.
=650  \0$aFear of crime$zArgentina.
=852  41$aBritish Library$bHMNTS$jYF.2017.a.4087
=856  41$uhttp://core.cambeiro.com.ar/0-145938-3.pdf
=CAT  \\$a11253$b40$c20160808$lBLL01$h1121
=CAT  \\$aBATCH-UPD$b40$c20160808$lBLL01$h1121
=CAT  \\$a6923$b40$c20170214$lBLL01$h0908
=CAT  \\$aW2308-1659$c20230923$lBLL01$h1008
=FIN  \\$aY$d20170214
=FMT  \\$a  BK
=LAS  \\$aW2308-1659$b00$c20230923$lBLL01$h1008
=SRC  \\$aBLL02

