=LDR  01731 am a2200433 i 4500
=001  017966658
=003  Uk
=005  20161116091046.0
=008  150729s2015\\\\ag\\\\\\\bm\\\000\0dspa\d
=010  \\$a  2014512671
=020  \\$a9789875746718
=035  \\$a(AR-BaFGC)0-177193/0
=040  \\$aAR-BaFGC$beng$cAR-BaFGC$dDLC$dUk$erda
=042  \\$aukblcatcopy
=043  \\$as-ag---$as-uy---$ae-sp---$ae-po---
=050  00$aF2841$b.B52 2015
=100  1\$aBirolo, Pablo,$d1982-$eauthor.
=245  10$aMilitarización y política en el Río de la Plata colonial :$bCevallos y las campañas militares contra los portugueses, 1756-1778 /$cPablo Birolo.
=264  \1$aBuenos Aires, Argentina :$bPrometeo Libros,$c[2015]
=300  \\$a256 pages ;$c22 cm
=336  \\$atext$2rdacontent
=337  \\$aunmediated$2rdamedia
=338  \\$avolume$2rdacarrier
=502  \\$aLicenciatura$bUniversidad Nacional de Luján$c2010.
=504  \\$aIncludes bibliographical references (pages 249-256).
=600  10$aCevallos, Pedro de,$d1715-1778.
=651  \0$aRio de la Plata Region (Argentina and Uruguay)$xHistory, Military$y18th century.
=651  \0$aRio de la Plata Region (Argentina and Uruguay)$xPolitics and government$y18th century.
=651  \0$aColonia del Sacramento (Uruguay)$xHistory$y18th century.
=651  \0$aSpain$xHistory$yCharles III, 1759-1788.
=651  \0$aPortugal$xHistory$yJoseph, 1750-1777.
=852  41$aBritish Library$bHMNTS$jYF.2016.a.24299
=856  41$uhttp://core.cambeiro.com.ar/0-177193-0.pdf
=CAT  \\$a11253$b40$c20160808$lBLL01$h1130
=CAT  \\$a5703$b40$c20161116$lBLL01$h0910
=FIN  \\$aY$d20161116
=FMT  \\$a  BK
=LAS  \\$a5703$b40$c20161116$lBLL01$h0910
=SRC  \\$aBLL02

