=LDR  01984cam a22004937i 4500
=001  017966673
=003  Uk
=005  20170328090107.0
=008  160608s2015\\\\ag\\\\\\\b\\\\000\0\spa\d
=020  \\$a9789871567577
=020  \\$a987156757X
=035  \\$a(OCoLC)951377450$z(OCoLC)953735534
=040  \\$aGBVCP$beng$cGBVCP$dOCLCO$dOCLCF$dOCLCO$dCGU$dPIT$dUk$erda
=042  \\$aukblderived
=043  \\$as-ag---
=050  \4$aJL2098.F8
=100  1\$aGodoy, Juan.
=245  13$aLa forja del nacionalismo popular ;$bla construcción de una posición nacional en la "Fuerza de Orientación Radical de la Joven Argentina" (FORJA). /$cJuan Godoy.
=264  21$aBuenos Aires, Argentina :$bPunto de Encuentro,$c[2015]
=300  \\$a497 Seiten ;$c20 cm
=336  \\$aText$btxt
=337  \\$aohne Hilfsmittel zu benutzen$bn
=338  \\$aBand$bnc
=500  \\$aIncludes bibliographical references (pages 479-493).
=504  \\$aIncludes bibliographical references (pages 479-493).
=610  20$aFuerza de Orientación Radical de la Joven Argentina$xHistory.
=610  27$aFuerza de Orientación Radical de la Joven Argentina$2fast$0(OCoLC)fst00590537
=648  \7$a1900-1999$2fast
=650  \0$aNationalism$zArgentina$xHistory$y20th century.
=650  \0$aAnti-imperialist movements$zArgentina$xHistory$y20th century.
=650  \7$aAnti-imperialist movements.$2fast$0(OCoLC)fst00810343
=650  \7$aNationalism.$2fast$0(OCoLC)fst01033832
=651  \7$aArgentina.$2fast$0(OCoLC)fst01205614
=655  \7$aHistory.$2fast$0(OCoLC)fst01411628
=852  41$aBritish Library$bHMNTS$jYF.2017.a.8130
=856  41$uhttp://core.cambeiro.com.ar/0-180106-0.pdf
=CAT  \\$a11253$b40$c20160808$lBLL01$h1151
=CAT  \\$aBATCH-UPD$b40$c20160827$lBLL01$h1708
=CAT  \\$a11131$b40$c20170328$lBLL01$h0901
=CAT  \\$aW2308-1659$c20230923$lBLL01$h1008
=FIN  \\$aY$d20170328
=FMT  \\$a  BK
=LAS  \\$aW2308-1659$b00$c20230923$lBLL01$h1008
=SID  \\$aZ39$bOCLC

