=LDR  01477 am a2200409 i 4500
=001  017966676
=003  Uk
=005  20161116084951.0
=008  151020s2015\\\\mx\\\\\\\b\\\\000\0\spa\d
=010  \\$a  2016365180
=020  \\$a9789876295932
=035  \\$a(AR-BaFGC)0-150029/10
=040  \\$aAR-BaFGC$beng$cAR-BaFGC$dDLC$dUk$erda
=042  \\$aukblcatcopy
=043  \\$as-ag---
=050  00$aF2849.2$b.S57 2015
=100  1\$aSlipak, Daniela,$eauthor.
=245  14$aLas revistas montoneras :$bcómo la organización construyó su identidad a través de sus publicaciones /$cDaniela Slipak.
=264  \1$aMéxico, DF ;$aBuenos Aires, Argentina :$bSiglo Veintiuno Editores,$c[2015]
=300  \\$a269 pages ;$c21 cm.
=336  \\$atext$2rdacontent
=337  \\$aunmediated$2rdamedia
=338  \\$avolume$2rdacarrier
=490  0\$aHistoria y cultura. Serie El pasado presente
=504  \\$aIncludes bibliographical references.
=610  20$aOrganización Montoneros (Argentina)$xPeriodicals.
=650  \0$aPeronism$xPeriodicals.
=651  \0$aArgentina$xPolitics and government$y1955-1983.
=852  41$aBritish Library$bHMNTS$jYF.2016.a.24294
=856  41$uhttp://core.cambeiro.com.ar/0-150029-10.pdf
=CAT  \\$a11253$b40$c20160808$lBLL01$h1153
=CAT  \\$a5703$b40$c20161116$lBLL01$h0849
=CAT  \\$aBATCH-UPD$b40$c20171023$lBLL01$h2023
=FIN  \\$aY$d20161116
=FMT  \\$a  BK
=LAS  \\$aBATCH-UPD$b40$c20171023$lBLL01$h2023
=SRC  \\$aBLL02

