=LDR  01546 am a2200373 i 4500
=001  017966677
=003  Uk
=005  20170328081450.0
=008  150806s2015\\\\ag\a\\\\\b\\\\010\0dspa\d
=010  \\$a  2016365003
=020  \\$a9789873850004
=035  \\$a(AR-BaFGC)0-178342/0
=040  \\$aAR-BaFGC$beng$cAR-BaFGC$dDLC$dUk$erda
=042  \\$aukblderived
=050  00$aPQ7797.D394$bZ7 2015
=245  00$aHomenaje a Marco Denevi /$cHoracio Callegari, Héctor Álvarez Castillo, Juan José Delaney, Fernando Sorrentino ; prólogo: Antonio Requeni.
=264  \1$a[Argentina] :$bJunta de Estudios Históricos de Tres de Febrero,$c2015.
=300  \\$a95 pages :$billustrations ;$c20 cm
=336  \\$atext$2rdacontent
=337  \\$aunmediated$2rdamedia
=338  \\$avolume$2rdacarrier
=504  \\$aIncludes bibliographical references (pages 93-95).
=505  0\$aMarco Denevi y Sáenz Peña / Horacio Callegari -- Y la fama es puro cuento / Héctor Álvarez Castillo -- Marco Denevi y el cine / Juan José Delaney -- "Y aquí comiensa, tia, lo que deseaba contarle" / Fernando Sorrentino.
=600  10$aDenevi, Marco,$d1922-1998.
=700  12$aCallegari, Horacio.
=852  41$aBritish Library$bHMNTS$jYF.2017.a.8131
=856  41$uhttp://core.cambeiro.com.ar/0-178342-0.pdf
=CAT  \\$a11253$b40$c20160808$lBLL01$h1156
=CAT  \\$aBATCH-UPD$b40$c20160808$lBLL01$h1157
=CAT  \\$a11131$b40$c20170328$lBLL01$h0814
=FIN  \\$aY$d20170328
=FMT  \\$a  BK
=LAS  \\$a11131$b40$c20170328$lBLL01$h0814
=SRC  \\$aBLL02

