=LDR  01322 am a2200385 i 4500
=001  017966680
=003  Uk
=005  20170425162314.0
=008  141128s2014\\\\ag\\\\\\\\\\\\000\0\spa\d
=010  \\$a  2014510350
=020  \\$a9789505800063
=035  \\$a(AR-BaFGC)0-176342/0
=040  \\$aAR-BaFGC$beng$cAR-BaFGC$dDLC$dUk$erda
=042  \\$aukblderived
=050  00$aPQ7797.B535$bZ892 2014
=100  1\$aTorres Zavaleta, Jorge,$einterviewer,$eauthor.
=240  10$aWorks.$kSelections
=245  10$aBioy Casares, o, La isla de la conciencia :$bentrevistas y ensayos : 1983-1994 /$cJorge Torres Zavaleta.
=250  \\$a1a edición.
=264  \1$aBuenos Aires, República Argentina :$bSur,$c[2014]
=300  \\$a236 pages ;$c23 cm
=336  \\$atext$2rdacontent
=337  \\$aunmediated$2rdamedia
=338  \\$avolume$2rdacarrier
=600  10$aBioy Casares, Adolfo$vInterviews.
=600  10$aBioy Casares, Adolfo$xCriticism and interpretation.
=700  1\$aBioy Casares, Adolfo,$einterviewee.
=852  41$aBritish Library$bHMNTS$jYF.2017.a.11447
=856  41$uhttp://core.cambeiro.com.ar/0-176342-0.pdf
=CAT  \\$a11253$b40$c20160808$lBLL01$h1203
=CAT  \\$a11002$b40$c20170425$lBLL01$h1623
=FIN  \\$aY$d20170425
=FMT  \\$a  BK
=LAS  \\$a11002$b40$c20170425$lBLL01$h1623
=SRC  \\$aBLL02

