=LDR  02027 am a2200517 i 4500
=001  018103912
=003  Uk
=005  20171116142522.0
=008  110725s2010\\\\ag\a\\\\\bc\\\000\0\spa\d
=010  \\$a  2011438301
=020  \\$a9789872618599$qpaperback
=035  \\$a(AR-BaFGC)0-162858/0
=040  \\$aAR-BaFGC$beng$cAR-BaFGC$dDLC$dUk$erda
=041  1\$aspa$aeng$hspa
=042  \\$aukblsr
=043  \\$as-ag---
=050  00$aPQ7653$b.V36 2010
=100  1\$aBaur, Sergio,$eauthor.
=245  10$aVanguardias literarias argentinas, 1920-1940 =$bArgentine literary avant-gardes, 1920-1940 /$ctextos e investigación: Sergio Baur ; traducción al inglés: Jane Brodie.
=246  31$aArgentine literary avant-gardes, 1920-1940
=250  \\$a1a ed.
=264  \1$aBuenos Aires :$bMinisterio de Relaciones Exteriores, Comercio Internacional y Culto,$c[2010]
=300  \\$a203 pages :$billustrations (black and white, and colour) ;$c24 cm
=336  \\$atext$2rdacontent
=336  \\$astill image$2rdacontent
=337  \\$aunmediated$2rdamedia
=338  \\$avolume$2rdacarrier
=504  \\$aIncludes bibliographical references.
=546  \\$aText in Spanish with parallel translation in English.
=650  \0$aArgentine literature$y20th century$vExhibitions.
=650  \0$aAvant-garde (Aesthetics)$zArgentina$vExhibitions.
=700  1\$aBrodie, Jane,$etranslator.
=710  1\$aArgentina.$bMinisterio de Relaciones Exteriores, Comercio Internacional y Culto.
=710  2\$aHaus der Kulturen der Welt.
=852  41$aBritish Library$bHMNTS$jLD.31.a.2771
=856  41$uhttp://core.cambeiro.com.ar/0-162858-0.pdf
=CAT  \\$a10904$b40$c20161115$lBLL01$h1347
=CAT  \\$a10904$b40$c20161115$lBLL01$h1348
=CAT  \\$aBATCH-ROF$b00$c20161119$lBLL01$h1747
=CAT  \\$a5883$b40$c20171114$lBLL01$h1140
=CAT  \\$a5883$b40$c20171114$lBLL01$h1145
=CAT  \\$a8962$b40$c20171116$lBLL01$h1425
=FIN  \\$aY$d20171114
=FMT  \\$a  BK
=LAS  \\$a8962$b40$c20171116$lBLL01$h1425
=SRC  \\$aBLL02

