=LDR  02462 am a22004697i 4500
=001  018106891
=003  Uk
=005  20170214102420.0
=008  160726s2016\\\\ag\ab\\\\b\\\\000\0\spa\d
=010  \\$a  2016366393
=020  \\$a9789873764097 (paperback)
=035  \\$a(AR-BaFGC)0-182559/0
=040  \\$aAR-BaFGC$beng$cAR-BaFGC$dDLC$dUk$erda
=042  \\$aukblderived
=043  \\$as-ag---
=050  00$aHE2908$b.H567 2016
=245  00$aHistoria del ferrocarril en Argentina :$bla política ferroviaria entre 1857 y 2015 /$cMario Justo López, Jorge E. Waddell y Juan Pablo Martínez.
=250  \\$a[Reduced and updated edition].
=264  \1$aCarapachay, provincia de Buenos Aires, Argentina :$bLenguaje Claro Editora,$c[2016]
=300  \\$a330 pages :$billustrations, maps ;$c23 cm
=336  \\$atext$2rdacontent
=337  \\$aunmediated$2rdamedia
=338  \\$avolume$2rdacarrier
=500  \\$aPreviously published under title Nueva historia del ferrocarril en la Argentina. Buenos Aires : Lumiere, c2007.
=500  \\$a"Mapas y cuadros": pages 307-324.
=504  \\$aIncludes bibliographical references (pages 325-330).
=505  0\$aLa suma del capital privado y público en la construcción de las primeras líneas ferroviarias (1857-1886) / Mario Justo López -- Un sistema ferroviario con empresas privadas extranjeras y control estatal (1887-1916) / Mario Justo López -- Del equilibrio a la crisis de las empresas ferroviarias privadas (1917-1946) / Mario Justo López -- De la nacionalización a los planes de modernización (1947-1976) / Jorge E. Waddell -- El ciclo de las reformas traumáticas (1977-2006) / Juan Pablo Martínez -- Un sistema ferroviario peor, más chico y más caro (2007-2015) / Jorge E. Waddell.
=650  \0$aRailroads$zArgentina$xHistory.
=650  \0$aRailroads and state$zArgentina$xHistory.
=700  1\$aLópez, Mario Justo,$d1951-$eauthor.
=700  1\$aWaddell, Jorge Eduardo,$eauthor.
=700  1\$aMartínez, Juan Pablo,$eauthor.
=700  12$iContainer of (work):$aMartínez, Juan Pablo.$tCiclo de las reformas traumáticas (1977-2006)
=852  41$aBritish Library$bHMNTS$jYF.2017.a.4094
=856  41$uhttp://core.cambeiro.com.ar/0-182559-0.pdf
=985  \\$eGC-FY16
=CAT  \\$a11253$b40$c20161117$lBLL01$h1044
=CAT  \\$a6923$b40$c20170214$lBLL01$h1024
=FIN  \\$aY$d20170214
=FMT  \\$a  BK
=LAS  \\$a6923$b40$c20170214$lBLL01$h1024
=SID  \\$aZ39$bLOC

