=LDR  01554 am a22003977i 4500
=001  018106916
=003  Uk
=005  20170214091302.0
=008  140724s2014\\\\ag\a\\\\\b\\\f000\0\spa\d
=010  \\$a  2014510090
=020  \\$a9789873347658 (paperback)
=035  \\$a(AR-BaFGC)0-174570/0
=040  \\$aAR-BaFGC$beng$cAR-BaFGC$dDLC$dUk$erda
=042  \\$aukblderived
=043  \\$as-bl---$as-ag---
=050  00$aCJ2259.P68$bC86 2014
=100  1\$aCunietti-Ferrando, Arnaldo J.,$eauthor.
=245  13$aLa Casa de Moneda de Potosí durante las guerras de la independencia / :$bde las emisiones patrias de 1813 y 1815 al regreso de los emigrados en 1825 /$cArnaldo J. Cunietti-Ferrando.
=264  \1$aBuenos Aires :$bAcademia Nacional de la Historia,$c2014.
=300  \\$a142 pages :$billustrations ;$c30 cm
=336  \\$atext$2rdacontent
=337  \\$aunmediated$2rdamedia
=338  \\$avolume$2rdacarrier
=504  \\$aIncludes bibliographical references.
=610  20$aCasa Real de Moneda (Potosí, Bolivia)$xHistory$y19th century.
=650  \0$aCoinage$zBolivia$zPotosí$xHistory$y19th century.
=650  \0$aNumismatics$zBolivia$zPotosí$xHistory$y19th century.
=650  \0$aNumismatics$zArgentina$xHistory$y19th century.
=852  41$aBritish Library$bHMNTS$jYF.2017.b.340
=856  41$uhttp://core.cambeiro.com.ar/0-174570-0.pdf
=CAT  \\$a11253$b40$c20161117$lBLL01$h1110
=CAT  \\$a6923$b40$c20170214$lBLL01$h0913
=FIN  \\$aY$d20170214
=FMT  \\$a  BK
=LAS  \\$a6923$b40$c20170214$lBLL01$h0913
=SRC  \\$aBLL02

