=LDR  01494 am a2200397 i 4500
=001  018106918
=003  Uk
=005  20170522154855.0
=008  160427s2015\\\\ag\a\\\\\b\\\f000\0dspa\d
=010  \\$a  2016365707
=020  \\$a9789877490077
=035  \\$a(AR-BaFGC)0-130602/21
=040  \\$aAR-BaFGC$beng$cAR-BaFGC$dDLC$dUk$erda
=042  \\$aukblderived
=043  \\$as-ag---
=050  00$aF2808$b.B3818 2015
=100  1\$aBeck-Bernard, Charles,$d1819-1900,$eauthor.
=240  10$aRépublique Argentine.$lSpanish
=245  13$aLa República Argentina /$cCharles Beck-Bernard ; Adriana Crolla (editora).
=264  \1$aSanta Fe, Argentina :$bEdiciones UNL,$c[2015]
=300  \\$a296 pages, 9 unnumbered pages :$billustrations ;$c20 cm
=336  \\$atext$2rdacontent
=337  \\$aunmediated$2rdamedia
=338  \\$avolume$2rdacarrier
=504  \\$aIncludes bibliographical references.
=651  \0$aArgentina$xDescription and travel.
=700  1\$aCrolla, Adriana,$eeditor.
=775  0\$iTranslation of (work):$aBeck-Bernard, Charles, 1819-1900$tRépublique Argentine$w(DLC) 04009064$w(OCoLC) 10058677$dLausanne : Delafontaine et Rouge, 1865$h328 p. ; 19 cm
=852  41$aBritish Library$bHMNTS$jYF.2017.a.13791
=856  41$uhttp://core.cambeiro.com.ar/0-130602-21.pdf
=CAT  \\$a11253$b40$c20161117$lBLL01$h1112
=CAT  \\$a11002$b40$c20170522$lBLL01$h1548
=FIN  \\$aY$d20170522
=FMT  \\$a  BK
=LAS  \\$a11002$b40$c20170522$lBLL01$h1548
=SID  \\$aZ39$bLOC

