=LDR  01797 am a2200445 i 4500
=001  018107006
=003  Uk
=005  20170215082658.0
=008  131213s2013\\\\ag\\\\\\\\\\\\000\0dspa\d
=010  \\$a  2012516207
=020  \\$a9789870269328
=035  \\$a(AR-BaFGC)0-171799/0
=040  \\$aAR-BaFGC$cAR-BaFGC$dDLC$dUk$erda
=042  \\$aukblderived
=043  \\$as-ag---
=050  00$aPQ7629$b.B67 2013
=245  00$aBorges-Sabato /$cHéctor Álvarez Castillo [entrevistador], Luis Manuel Noseda [testimonios].
=264  \1$aBuenos Aires :$bEditorial Dunken,$c2013.
=300  \\$a61 pages ;$c23 cm
=336  \\$atext$2rdacontent
=337  \\$aunmediated$2rdamedia
=338  \\$avolume$2rdacarrier
=500  \\$aInterviews with Jorge Luis Borges by Álvarez Castillo, reminiscences of personal encounters with Sabato by Noseda, and autobiographical summary by Sabato.
=505  0\$aBorges / por Héctor Álvarez Castillo -- Sabato / por Luis Manuel Noseda.
=600  10$aBorges, Jorge Luis,$d1899-1986$vInterviews.
=600  10$aSábato, Ernesto R.$vAnecdotes.
=650  \0$aAuthors, Argentine$y20th century$vInterviews.
=650  \0$aAuthors, Argentine$y20th century$vBiography.
=700  1\$aAlvarez Castillo, Héctor,$d1961-$einterviewer.
=700  12$iContainer of (work):$aBorges, Jorge Luis,$d1899-1986.$tInterviews.$kSelections.
=700  12$iContainer of (work):$aNoseda, Luis Manuel,$d1945-$tSabato.
=700  1\$aSábato, Ernesto R.,$eauthor.
=852  41$aBritish Library$bHMNTS$jYF.2017.a.4047
=856  41$uhttp://core.cambeiro.com.ar/0-171799-0.pdf
=CAT  \\$a11253$b40$c20161117$lBLL01$h1255
=CAT  \\$a11002$b40$c20170215$lBLL01$h0826
=FIN  \\$aY$d20170215
=FMT  \\$a  BK
=LAS  \\$a11002$b40$c20170215$lBLL01$h0826
=SRC  \\$aBLL02

