=LDR  01478 am a2200397 i 4500
=001  018107007
=003  Uk
=005  20170215100007.0
=008  150312s2014\\\\ag\\\\\\\b\\\\000\0\spa\d
=010  \\$a  2016366134
=020  \\$a9789872868536
=035  \\$a(AR-BaFGC)0-177858/0
=040  \\$aAR-BaFGC$beng$cAR-BaFGC$dDLC$dUk$erda
=042  \\$aukblderived
=043  \\$as-ag---
=050  00$aP96.A442$bA6 2014
=100  1\$aVinelli, Natalia,$eauthor.
=245  13$aLa televisión desde abajo :$bhistoria, alternatividad y periodismo de contrainformación /$cNatalia Vinelli.
=264  \1$a[Buenos Aires] :$bColectivo El Topo Blindado :$bEditorial Cooperativa El Río Suena,$c[2014]
=300  \\$a307 pages ;$c21 cm
=336  \\$atext$2rdacontent
=337  \\$aunmediated$2rdamedia
=338  \\$avolume$2rdacarrier
=504  \\$aIncludes bibliographical references (pages 273-297).
=650  \0$aAlternative mass media$zArgentina$xHistory$y20th century.
=650  \0$aAlternative mass media$zArgentina$xHistory$y21st century.
=650  \0$aTelevision$zArgentina$xHistory$y20th century.
=650  \0$aTelevision$zArgentina$xHistory$y21st century.
=852  41$aBritish Library$bHMNTS$jYF.2017.a.4105
=856  41$uhttp://core.cambeiro.com.ar/0-177858-0.pdf
=CAT  \\$a11253$b40$c20161117$lBLL01$h1256
=CAT  \\$a11002$b40$c20170215$lBLL01$h1000
=FIN  \\$aY$d20170215
=FMT  \\$a  BK
=LAS  \\$a11002$b40$c20170215$lBLL01$h1000
=SID  \\$aZ39$bLOC

