=LDR  01290 am a2200373 i 4500
=001  018107015
=003  Uk
=005  20170214132116.0
=008  150326s2014\\\\ag\\\\\\\b\\\\000\0\spa\d
=010  \\$a  2014510851
=020  \\$a9789873362125
=035  \\$a(AR-BaFGC)0-177412/0
=040  \\$aAR-BaFGC$beng$cAR-BaFGC$dDLC$dUk$erda
=042  \\$aukblderived
=050  00$aPQ7797.B635$bZ5984 2014
=100  1\$aAnastasio, Luisa,$eauthor.
=245  10$aPalabra Borges :$bun ensayo sobre Jorge Luis Borges /$cLuisa Anastasio, Ricardo Steiner.
=264  \1$a[Buenos Aires?, Argentina] :$bÁnder Ediciones,$c[2014]
=300  \\$a239 pages ;$c21 cm
=336  \\$atext$2rdacontent
=337  \\$aunmediated$2rdamedia
=338  \\$avolume$2rdacarrier
=504  \\$aIncludes bibliographical references (pages 229-236).
=600  10$aBorges, Jorge Luis,$d1899-1986$xPhilosophy.
=650  \0$aPhilosophy in literature.
=700  1\$aSteiner, Ricardo$q(Ricardo Adrián),$eauthor.
=852  41$aBritish Library$bHMNTS$jYF.2017.a.4045
=856  41$uhttp://core.cambeiro.com.ar/0-177412-0.pdf
=CAT  \\$a11253$b40$c20161117$lBLL01$h1305
=CAT  \\$a11002$b40$c20170214$lBLL01$h1321
=FIN  \\$aY$d20170214
=FMT  \\$a  BK
=LAS  \\$a11002$b40$c20170214$lBLL01$h1321
=SRC  \\$aBLL02

