=LDR  01384 am a2200373 i 4500
=001  018107034
=003  Uk
=005  20170815135311.0
=008  150701s2015\\\\ag\a\\\\\bc\\\001\0\spa\d
=010  \\$a  2014512617
=035  \\$a(AR-BaFGC)0-178969/0
=040  \\$aAR-BaFGC$beng$cAR-BaFGC$dDLC$dUk$erda
=042  \\$aukblderived
=043  \\$as-ag---
=050  00$aF2841$b.L67 2015
=100  1\$aLima González Bonorino, Jorge F.,$ecompiler.
=245  10$aRegistro de escrituras antiguas del Archivo General de la Nación /$cpor Jorge F. Lima González Bonorino.
=264  \1$aBuenos Aires :$bEstudios Histórico-Sociales de Buenos Aires,$caño 2015.
=300  \\$a325 pages :$billustrations ;$c24 cm
=336  \\$atext$2rdacontent
=337  \\$aunmediated$2rdamedia
=338  \\$avolume$2rdacarrier
=500  \\$aIncludes index.
=610  20$aArchivo General de la Nación$vCatalogs.
=650  \0$aLegal documents$zArgentina$xHistory$y17th century$vBibliography$vCatalogs.
=651  \0$aArgentina$xHistory$y17th century$vSources$vBibliography$vCatalogs.
=852  41$aBritish Library$bHMNTS$jYF.2017.a.19349
=856  41$uhttp://core.cambeiro.com.ar/0-178969-0.pdf
=CAT  \\$a11253$b40$c20161117$lBLL01$h1322
=CAT  \\$a11002$b40$c20170815$lBLL01$h1353
=FIN  \\$aY$d20170815
=FMT  \\$a  BK
=LAS  \\$a11002$b40$c20170815$lBLL01$h1353
=SRC  \\$aBLL02

