=LDR  01481 am a2200421 i 4500
=001  018111879
=003  Uk
=005  20170523114235.0
=008  150904e201508\\ag\\\\\\\b\\\\000\0\spa\d
=010  \\$a  2016365005
=020  \\$a9789504947615
=035  \\$a(AR-BaFGC)0-646/203
=040  \\$aAR-BaFGC$beng$cAR-BaFGC$dDLC$dUk$erda
=042  \\$aukblderived
=043  \\$as-ag---
=050  00$aGV943.9.P65$bC38 2015
=100  1\$aCasar González, Alejandro,$d1978-$eauthor.
=245  10$aPasó de todo :$bcómo la AFA, la FIFA y los gobiernos se adueñaron de la pelota /$cAlejandro Casar González ; prólogo de Ezequiel Fernández Moores.
=250  \\$a1a edición.
=264  \1$aC.A.B.A. :$bPlaneta,$cagosto de 2015.
=300  \\$a340 pages ;$c23 cm.
=336  \\$atext$2rdacontent
=337  \\$aunmediated$2rdamedia
=338  \\$avolume$2rdacarrier
=490  0\$aEspejo de la Argentina
=500  \\$aPublished in Buenos Aires.
=504  \\$aIncludes bibliographical references.
=630  00$aFútbol para todos (Television program)
=650  \0$aSoccer$xPolitical aspects$zArgentina.
=651  \0$aArgentina$xPolitics and government$y2002-
=852  41$aBritish Library$bHMNTS$jYF.2017.a.13739
=856  41$uhttp://core.cambeiro.com.ar/0-646-203.pdf
=CAT  \\$a11253$b40$c20161121$lBLL01$h1030
=CAT  \\$a11002$b40$c20170523$lBLL01$h1142
=FIN  \\$aY$d20170523
=FMT  \\$a  BK
=LAS  \\$a11002$b40$c20170523$lBLL01$h1142
=SRC  \\$aBLL02

