=LDR  01568 am a2200421 i 4500
=001  018111882
=003  Uk
=005  20170725103340.0
=008  151106s2015\\\\ag\af\\\\b\\\\000\0bspa\d
=010  \\$a  2016365161
=020  \\$a9789870282068
=035  \\$a(AR-BaFGC)0-179105/0
=040  \\$aAR-BaFGC$beng$cAR-BaFGC$dDLC$dUk$erda
=042  \\$aukblderived
=043  \\$as-ag---
=050  00$aF2849.P47$bG89 2015
=100  1\$aGuzmán Suárez, M. Silvina,$eauthor.
=245  10$aPerón :$bla revolución del pueblo /$cM. Silvina Guzmán Suárez.
=264  \1$aBuenos Aires :$bEditorial Dunken,$c2015.
=300  \\$a590 pages, 24 pages of unnumbered plates :$billustrations ;$c23 cm
=336  \\$atext$2rdacontent
=337  \\$aunmediated$2rdamedia
=338  \\$avolume$2rdacarrier
=504  \\$aIncludes bibliographical references (pages 589-590).
=600  10$aPerón, Juan Domingo,$d1895-1974.
=650  \0$aPresidents$zArgentina$vBiography.
=651  \0$aArgentina$xPolitics and government$y1943-1955.
=651  \0$aArgentina$xPolitics and government$y1955-1983.
=700  12$iContainer of (work):$aPerón, Juan Domingo,$d1895-1974.$tSpeeches.$kSelections
=710  22$iContainer of (work):$aArgentina.$tConstitución (1949.
=852  41$aBritish Library$bHMNTS$jYF.2017.a.17626
=856  41$uhttp://core.cambeiro.com.ar/0-179105-0.pdf
=CAT  \\$a11253$b40$c20161121$lBLL01$h1033
=CAT  \\$a10904$b40$c20170725$lBLL01$h1033
=FIN  \\$aY$d20170725
=FMT  \\$a  BK
=LAS  \\$a10904$b40$c20170725$lBLL01$h1033
=SRC  \\$aBLL02

