=LDR  01646 am a2200409 i 4500
=001  018111917
=003  Uk
=005  20170725142313.0
=008  160112s2015\\\\ag\a\\\\\\\\\\001\0dspa\d
=010  \\$a  2016365194
=020  \\$a9789872386665
=035  \\$a(AR-BaFGC)0-178397/0
=040  \\$aAR-BaFGC$beng$cAR-BaFGC$dDLC$dUk$erda
=042  \\$aukblderived
=043  \\$as-ag---
=050  00$aHV6322.3.A7$bN543 2015
=245  00$aNiños desaparecidos, jóvenes localizados, 1975-2015. /$ceditor responsable, Abuelas de Plaza de Mayo, Archivo Biográfico Familiar ; coordinación general e investigación, Marcelo Castillo; investigación, Guadalupe Gaitán Nadia Rybak Di Segni.
=264  \1$a[Bernal, Argentina] :$bUniversidad Nacional de Quilmes ;$aCABA :$bAbuelas de Plaza de Mayo,$c[2015]
=300  \\$a392 pages :$billustrations ;$c21 cm
=336  \\$atext$2rdacontent
=337  \\$aunmediated$2rdamedia
=338  \\$avolume$2rdacarrier
=500  \\$aPublished in Buenos Aires.
=500  \\$aIncludes index.
=650  \0$aChildren of disappeared persons$zArgentina$vRegisters.
=650  \0$aDisappeared persons$zArgentina$xHistory$y20th century.
=700  1\$aCastillo, Marcelo,$d1964-$eeditor.
=710  2\$aAsociación de Abuelas de Plaza de Mayo,$eeditor.
=852  41$aBritish Library$bHMNTS$jYF.2017.a.17660
=856  41$uhttp://core.cambeiro.com.ar/0-178397-0.pdf
=CAT  \\$a11253$b40$c20161121$lBLL01$h1058
=CAT  \\$a10904$b40$c20170725$lBLL01$h0737
=CAT  \\$a8962$b40$c20170725$lBLL01$h1423
=FIN  \\$aY$d20170725
=FMT  \\$a  BK
=LAS  \\$a8962$b40$c20170725$lBLL01$h1423
=SRC  \\$aBLL02

