=LDR  01210 am a2200361 i 4500
=001  018111919
=003  Uk
=005  20170822142826.0
=008  160126s2015\\\\ag\a\\\\\\\\\\000\0\spa\d
=010  \\$a  2016365203
=020  \\$a9789874583017
=035  \\$a(AR-BaFGC)0-181325/1
=040  \\$aAR-BaFGC$beng$cAR-BaFGC$dDLC$dUk$erda
=042  \\$aukblderived
=043  \\$as-ag---
=050  00$aF2833$b.T47 2015
=245  00$aTercer mundo y tercera posición :$bdesde sus orígenes hasta nuestros días /$cRoberto Baschetti.
=264  \1$a[Buenos Aires?] :$bJironesdemivida,$c2015.
=300  \\$a724 pages :$billustrations ;$c23 cm.
=336  \\$atext$2rdacontent
=337  \\$aunmediated$2rdamedia
=338  \\$avolume$2rdacarrier
=490  0\$aColección "Textos peronistas" ;$vlibro 1
=650  \0$aNonalignment$zArgentina$xHistory$vSources.
=650  \0$aPeronism$xHistory$vSources.
=852  41$aBritish Library$bHMNTS$jYF.2017.a.19465
=856  41$uhttp://core.cambeiro.com.ar/0-181325-1.pdf
=CAT  \\$a11253$b40$c20161121$lBLL01$h1100
=CAT  \\$a11002$b40$c20170822$lBLL01$h1428
=FIN  \\$aY$d20170822
=FMT  \\$a  BK
=LAS  \\$a11002$b40$c20170822$lBLL01$h1428
=SRC  \\$aBLL02

