=LDR  01263 am a2200373 i 4500
=001  018111921
=003  Uk
=005  20170425094408.0
=008  151119s2015\\\\ag\\\\\\\b\\\\000\0\spa\d
=010  \\$a  2016365206
=020  \\$a9789500752725
=035  \\$a(AR-BaFGC)0-109555/107
=040  \\$aAR-BaFGC$beng$cAR-BaFGC$dDLC$dUk$erda
=042  \\$aukblderived
=043  \\$as-ag---
=050  00$aHD9574.A73$bV334 2015
=100  1\$aBianchi, Alejandro,$eauthor.
=245  10$aArgentina Saudita :$bla maldición de la nueva promesa petrolera /$cAlejandro Bianchi.
=264  \1$aBuenos Aires :$bSudamericana,$c[2015]
=300  \\$a378 pages ;$c23 cm
=336  \\$atext$2rdacontent
=337  \\$aunmediated$2rdamedia
=338  \\$avolume$2rdacarrier
=504  \\$aIncludes bibliographical references.
=650  \0$aPetroleum industry and trade$zArgentina$zVaca Muerta Formation.
=650  \0$aEnergy policy$zArgentina$zVaca Muerta Formation.
=852  41$aBritish Library$bHMNTS$jYF.2017.a.11460
=856  41$uhttp://core.cambeiro.com.ar/0-109555-107.pdf
=CAT  \\$a11253$b40$c20161121$lBLL01$h1102
=CAT  \\$a11002$b40$c20170425$lBLL01$h0944
=FIN  \\$aY$d20170425
=FMT  \\$a  BK
=LAS  \\$a11002$b40$c20170425$lBLL01$h0944
=SRC  \\$aBLL02

