=LDR  01529 am a2200433 i 4500
=001  018111926
=003  Uk
=005  20170425094152.0
=008  150902s2015\\\\ag\\\\\\\b\\\\001\0bspa\d
=010  \\$a  2014512806
=020  \\$a9789500751582
=035  \\$a(AR-BaFGC)0-178938/2
=040  \\$aAR-BaFGC$beng$cAR-BaFGC$dDLC$dUk$erda
=042  \\$aukblderived
=043  \\$as-ag---
=050  00$aF2849.33.M37$bG46 2015
=100  1\$aGenoud, Diego,$eauthor.
=245  10$aSergio Massa :$bla biografía no autorizada /$cDiego Genoud.
=246  14$aMassa
=264  \1$aBuenos Aires :$bSudamericana,$c[2015]
=300  \\$a286 pages ;$c23 cm
=336  \\$atext$2rdacontent
=337  \\$aunmediated$2rdamedia
=338  \\$avolume$2rdacarrier
=500  \\$a"Ver el mundo desde la cima de Nordelta. Entrevista con Eduardo Costantini": pages 243-264.
=500  \\$a"Superficie de urbanizaciones cerradas": pages 265-268.
=500  \\$a"Comunicado de prensa de la Asamblea Delta y Río de la Plata": pages 269-270.
=504  \\$aIncludes bibliographical references and index.
=600  10$aMassa, Sergio Tomás.
=650  \0$aPoliticians$vBiography.
=651  \0$aArgentina$xPolitics and government$y2002-
=852  41$aBritish Library$bHMNTS$jYF.2017.a.11440
=856  41$uhttp://core.cambeiro.com.ar/0-178938-2.pdf
=CAT  \\$a11253$b40$c20161121$lBLL01$h1106
=CAT  \\$a11002$b40$c20170425$lBLL01$h0941
=FIN  \\$aY$d20170425
=FMT  \\$a  BK
=LAS  \\$a11002$b40$c20170425$lBLL01$h0941
=SRC  \\$aBLL02

