=LDR  01683 am a2200421 i 4500
=001  018111927
=003  Uk
=005  20170425115914.0
=008  151110e201511\\ag\a\\\\\\\\\\000\0\spa\d
=010  \\$a  2016365128
=020  \\$a9789504948537
=035  \\$a(AR-BaFGC)0-646/206
=040  \\$aAR-BaFGC$beng$cAR-BaFGC$dDLC$dUk$erda
=042  \\$aukblderived
=043  \\$as-ag---
=050  00$aHV6250.4.W65$bR633 2015
=100  1\$aRodríguez, Paula$c(Journalist),$ecompiler.
=245  10$a#NiUnaMenos /$cPaula Rodríguez.
=246  3\$aNumeral NiUnaMenos
=250  \\$a1a edición.
=264  \1$aC.A.B.A. :$bPlaneta,$cnoviembre de 2015.
=300  \\$a393 pages :$billustrations ;$c23 cm.
=336  \\$atext$2rdacontent
=337  \\$aunmediated$2rdamedia
=338  \\$avolume$2rdacarrier
=490  0\$aEspejo de la Argentina
=500  \\$a"Voces de una veintena de integrantes del colectivo Ni Una Menos, de organizadoras de marchas --de treinta mil personas algunas, de cien otras-- en diferentes puntos del país, de familiares de víctimas, de dibujantes que colaboraron con la convocatoria, de funcionarias, de mujeres que sobrevivieron a la agresión femicida de sus ex parejas."--Page 10.
=500  \\$aPublished in Buenos Aires.
=610  20$aNi Una Menos (Anti-violence against women group)
=650  \0$aWomen$xViolence against$zArgentina.
=852  41$aBritish Library$bHMNTS$jYF.2017.a.11407
=856  41$uhttp://core.cambeiro.com.ar/0-646-206.pdf
=CAT  \\$a11253$b40$c20161121$lBLL01$h1108
=CAT  \\$a11002$b40$c20170425$lBLL01$h1159
=FIN  \\$aY$d20170425
=FMT  \\$a  BK
=LAS  \\$a11002$b40$c20170425$lBLL01$h1159
=SRC  \\$aBLL02

