=LDR  01310 am a2200397 i 4500
=001  018111932
=003  Uk
=005  20170201130622.0
=008  160322s2016\\\\ag\\\\\\\b\\\\000\0\spa\d
=010  \\$a  2016365499
=020  \\$a9789877190960
=035  \\$a(AR-BaFGC)0-18253/76
=040  \\$aAR-BaFGC$beng$cAR-BaFGC$dDLC$dUk$erda
=042  \\$aukblderived
=043  \\$acl-----
=050  00$aHV5840.L3$bB47 2016
=100  1\$aBergman, Marcelo,$eauthor.
=245  10$aDrogas, narcotráfico y poder en América Latina /$cMarcelo Bergman.
=264  \1$aBuenos Aires, Argentina :$bFondo de Cultura Económica,$c[2016]
=300  \\$a307 pages ;$c17 cm.
=336  \\$atext$2rdacontent
=337  \\$aunmediated$2rdamedia
=338  \\$avolume$2rdacarrier
=490  0\$aColección Popular ;$v729
=490  0\$aSerie Breves
=504  \\$aIncludes bibliographical references (pages 293-307).
=650  \0$aDrug traffic$zLatin America.
=650  \0$aDrug traffic$zLatin America$xPrevention.
=852  41$aBritish Library$bHMNTS$jYF.2017.a.2796
=856  41$uhttp://core.cambeiro.com.ar/0-18253-76.pdf
=CAT  \\$a11253$b40$c20161121$lBLL01$h1115
=CAT  \\$a11131$b40$c20170201$lBLL01$h1306
=FIN  \\$aY$d20170201
=FMT  \\$a  BK
=LAS  \\$a11131$b40$c20170201$lBLL01$h1306
=SRC  \\$aBLL02

