=LDR  01375 am a22003857i 4500
=001  018111984
=003  Uk
=005  20170214113036.0
=008  160307s2015\\\\ag\\\\\\\b\\\\001\0\spa\d
=010  \\$a  2016365509
=020  \\$a9789875747340 (paperback)
=035  \\$a(AR-BaFGC)0-140071/12
=040  \\$aAR-BaFGC$beng$cAR-BaFGC$dDLC$dUk$erda
=042  \\$aukblderived
=043  \\$as-ag---$ae-ur---
=050  00$aJL2081$b.P573 2015
=100  1\$aPittaluga, Roberto,$eauthor.
=245  10$aSoviets en Buenos Aires :$bla izquierda de la Argentina ante la revolución en Rusia /$cRoberto Pittaluga.
=264  \1$aBuenos Aires, Argentina :$bPrometeo Libros,$c[2015]
=300  \\$a399 pages ;$c24 cm.
=336  \\$atext$2rdacontent
=337  \\$aunmediated$2rdamedia
=338  \\$avolume$2rdacarrier
=490  0\$aColección Historia argentina
=504  \\$aIncludes bibliographical references (pages 365-389) and index.
=650  \0$aRight and left (Political science)$zArgentina.
=651  \0$aSoviet Union$xHistory$yRevolution, 1917-1921$xInfluence.
=852  41$aBritish Library$bHMNTS$jYF.2017.a.4103
=856  41$uhttp://core.cambeiro.com.ar/0-140071-12.pdf
=CAT  \\$a11253$b40$c20161121$lBLL01$h1213
=CAT  \\$a6923$b40$c20170214$lBLL01$h1130
=FIN  \\$aY$d20170214
=FMT  \\$a  BK
=LAS  \\$a6923$b40$c20170214$lBLL01$h1130
=SRC  \\$aBLL02

