=LDR  01819 am a22004337i 4500
=001  018111996
=003  Uk
=005  20170214090426.0
=008  150514s2014\\\\ag\ab\\\\b\\\\000\0\spa\d
=010  \\$a  2014512362
=020  \\$a9789873781032 (paperback)
=035  \\$a(AR-BaFGC)0-177748/0
=040  \\$aAR-BaFGC$beng$cAR-BaFGC$dDLC$dUk$erda
=042  \\$aukblderived
=043  \\$as-ag---
=050  00$aF2821.3.R63$bC37 2014
=100  1\$aCastro Esnal, Analía,$eauthor.
=240  10$aRutas indígenas y arqueología en la Provincia de Chubut
=245  10$aCamino y piedra :$brutas indígenas y arqueología en la Provincia de Chubut /$cAnalía Castro Esnal.
=246  1\$iSubtitle on cover:$aRutas indígenas y arqueología en la Provincia del Chubut
=264  \1$a[Buenos Aires, Argentina] :$bFundación de Historia Natural Félix de Azara,$c[2014]
=300  \\$a463 pages :$billustrations, maps ;$c24 cm
=336  \\$atext$2rdacontent
=337  \\$aunmediated$2rdamedia
=338  \\$avolume$2rdacarrier
=500  \\$aOriginally presented as the author's thesis (doctoral--Universidad de Buenos Aires, 2010) under title: Rutas indígenas y arqueología en la Provincia del Chubut.
=504  \\$aIncludes bibliographical references (pages401-447).
=650  \0$aIndian roads$zArgentina$zChubut.
=650  \0$aIndians of South America$zArgentina$zChubut$xAntiquities.
=650  \0$aExcavations (Archaeology)$zArgentina$zChubut.
=651  \0$aChubut (Argentina)$xAntiquities.
=852  41$aBritish Library$bHMNTS$jYF.2017.a.4091
=856  41$uhttp://core.cambeiro.com.ar/0-177748-0.pdf
=CAT  \\$a11253$b40$c20161121$lBLL01$h1248
=CAT  \\$a6923$b40$c20170214$lBLL01$h0904
=FIN  \\$aY$d20170214
=FMT  \\$a  BK
=LAS  \\$a6923$b40$c20170214$lBLL01$h0904
=SRC  \\$aBLL02

