=LDR  01225 am a2200361 i 4500
=001  018112018
=003  Uk
=005  20170214135852.0
=008  160714s2014\\\\ag\\\\\\\b\\\f000\0\spa\d
=010  \\$a  2016366445
=020  \\$a9789876331104
=035  \\$a(AR-BaFGC)0-174386/0
=040  \\$aAR-BaFGC$beng$cAR-BaFGC$dDLC$dUk$erda
=042  \\$aukblderived
=043  \\$as-ag---
=050  00$aPQ7791.N6$bV35 2014
=100  1\$aValle Guzmán, Raquel del,$eauthor.
=245  10$aPoesía y sociedad :$bla lirica del NOA : 1960-1980 /$cRaquel Guzmán.
=264  \1$a[Salta, Argentina] :$bEUNSA Editorial Universitaria,$c[2014]
=300  \\$a245 pages ;$c22 cm
=336  \\$atext$2rdacontent
=337  \\$aunmediated$2rdamedia
=338  \\$avolume$2rdacarrier
=504  \\$aIncludes bibliographical references (pages 229-245).
=650  \0$aArgentine poetry$zArgentina, Northwest$xHistory and criticism.
=852  41$aBritish Library$bHMNTS$jYF.2017.a.4056
=856  41$uhttp://core.cambeiro.com.ar/0-174386-0.pdf
=CAT  \\$a11253$b40$c20161121$lBLL01$h1315
=CAT  \\$a11002$b40$c20170214$lBLL01$h1358
=FIN  \\$aY$d20170214
=FMT  \\$a  BK
=LAS  \\$a11002$b40$c20170214$lBLL01$h1358
=SID  \\$aZ39$bLOC

