=LDR  01816 am a2200421 i 4500
=001  018112027
=003  Uk
=005  20170215083040.0
=008  150610e201504\\ag\a\\\\\b\\\f000\0dspa\d
=010  \\$a  2014512372
=020  \\$a9789502324371
=035  \\$a(AR-BaFGC)0-176851/3
=040  \\$aAR-BaFGC$beng$cAR-BaFGC$dDLC$dUk$erda
=042  \\$aukblderived
=043  \\$an-mx---$as-ag---
=050  00$aZ493.O74$bE35 2015
=245  03$aUn editor de tres siglos :$bla vida y los libros de Arnaldo Orfila Reynal /$cGonzalo Álvarez, Alejandro Archain, Carlos Díaz ; prólogo de Alberto Díaz.
=250  \\$aPrimera edición.
=264  \1$aCiudad de Buenos Aires :$bEudeba,$cabril 2015.
=300  \\$a79 pages :$billustrations ;$c23 cm.
=336  \\$atext$2rdacontent
=337  \\$aunmediated$2rdamedia
=338  \\$avolume$2rdacarrier
=490  0\$aLa vida y los libros
=504  \\$aIncludes bibliographical references.
=505  0\$aCien años de edición / por Alejandro Archain -- Los cincuenta y nueve días que proyectaron sesenta años de edición universitaria / por Gonzalo Álvarez -- Cómo se hace un editor o la maravillosa vida larga de Orfila Reynal / por Carlos E. Díaz
=600  10$aOrfila Reynal, Arnaldo.
=650  \0$aPublishers and publishing$zMexico$xHistory$y20th century.
=650  \0$aPublishers and publishing$zArgentina$zBuenos Aires$xHistory$y20th century.
=700  12$iContainer of (work):$aArchain, Alejandro,$d1953-$tCien años de edición.
=852  41$aBritish Library$bHMNTS$jYF.2017.a.4049
=856  41$uhttp://core.cambeiro.com.ar/0-176851-3.pdf
=CAT  \\$a11253$b40$c20161121$lBLL01$h1324
=CAT  \\$a11002$b40$c20170215$lBLL01$h0830
=FIN  \\$aY$d20170215
=FMT  \\$a  BK
=LAS  \\$a11002$b40$c20170215$lBLL01$h0830
=SRC  \\$aBLL02

