=LDR  01665 am a22004577i 4500
=001  018112029
=003  Uk
=005  20170214092638.0
=008  160718s2015\\\\ag\a\\\\\b\\\\000\0aspa\d
=010  \\$a  2016366257
=020  \\$a9789873754067 (paperback)
=035  \\$a(AR-BaFGC)0-183655/1
=040  \\$aAR-BaFGC$beng$cAR-BaFGC$dDLC$dUk$erda
=042  \\$aukblderived
=043  \\$as-ag---
=050  00$aPN1998.3.G725$bA3 2015
=100  1\$aGrassi, Alfredo Julio,$d1925-$eauthor.
=245  14$aUna vida entre cuadritos y celuloide :$bvida y obra /$cAlfredo Julio Grassi.
=250  \\$aPrimera edición.
=264  \1$a[Buenos Aires] :$bINCAA :$bENERC :$bLibraria,$c[2015]
=300  \\$a175 pages :$bcolor illustrations ;$c21 cm.
=336  \\$atext$2rdacontent
=337  \\$aunmediated$2rdamedia
=338  \\$avolume$2rdacarrier
=490  0\$aBiblioteca ENERC-INCAA
=500  \\$aAppendix with commentaries about Grassi's works.
=504  \\$aIncludes Grassi's bibliography (pages 161-166).
=600  10$aGrassi, Alfredo Julio,$d1925-
=650  \0$aMotion picture producers and directors$zArgentina$vBiography.
=650  \0$aAuthors, Argentine$y20th century$vBiography.
=650  \0$aMotion picture industry$zArgentina$xHistory$y20th century.
=650  \0$aArt and state$zArgentina$xHistory$y20th century.
=852  41$aBritish Library$bHMNTS$jYF.2017.a.4085
=856  41$uhttp://core.cambeiro.com.ar/0-183655-1.pdf
=985  \\$eGC-FY16
=CAT  \\$a11253$b40$c20161121$lBLL01$h1331
=CAT  \\$a6923$b40$c20170214$lBLL01$h0926
=FIN  \\$aY$d20170214
=FMT  \\$a  BK
=LAS  \\$a6923$b40$c20170214$lBLL01$h0926
=SID  \\$aZ39$bLOC

