=LDR  01682 am a2200433 i 4500
=001  018112049
=003  Uk
=005  20170215084440.0
=008  151218s2015\\\\ag\\\\\\\b\\\f000\0\spa\d
=010  \\$a  2016365279
=020  \\$a9789871741984
=035  \\$a(AR-BaFGC)0-170082/5
=040  \\$aAR-BaFGC$beng$cAR-BaFGC$dDLC$dUk$erda
=042  \\$aukblderived
=050  00$aBM530$b.R695 2015
=100  1\$aRozitchner, León,$eauthor.
=240  10$aEssays.$kSelections
=245  10$aGénesis :$bla plenitud de la materialidad histórica (y otras escrituras impías) /$cLeón Rozitchner.
=264  \1$aCiudad Autónoma de Buenos Aires :$bEdiciones Biblioteca Nacional,$c[2015]
=300  \\$a126 pages ;$c23 cm.
=336  \\$atext$2rdacontent
=337  \\$aunmediated$2rdamedia
=338  \\$avolume$2rdacarrier
=490  0\$aColección León Rozitchner : obras
=500  \\$a"Apéndice. Edipo judío: la madre-mujer": pages 109-126.
=504  \\$aIncludes bibliographical references.
=505  0\$aGénesis : la plenitud de la materialidad histórica -- Meschonnic : Biblia, traducción y lengua materna -- Job, las madres y el triunfo del Padre.
=630  00$aBible.$pGenesis$vCommentaries.
=650  \0$aJewish mythology.
=700  12$iContainer of (work):$aRozitchner, León.$tGénesis.
=852  41$aBritish Library$bHMNTS$jYF.2017.a.4095
=856  41$uhttp://core.cambeiro.com.ar/0-170082-5.pdf
=CAT  \\$a11253$b40$c20161121$lBLL01$h1349
=CAT  \\$aBATCH-UPD$b40$c20170129$lBLL01$h2121
=CAT  \\$a11002$b40$c20170215$lBLL01$h0844
=FIN  \\$aY$d20170215
=FMT  \\$a  BK
=LAS  \\$a11002$b40$c20170215$lBLL01$h0844
=SRC  \\$aBLL02

