=LDR  01793 am a2200445 i 4500
=001  018112051
=003  Uk
=005  20170214104636.0
=008  151022s2015\\\\ag\\\\\\\b\\\f000\0dspa\d
=010  \\$a  2016365101
=020  \\$a9789875583641
=035  \\$a(AR-BaFGC)0-61339/26
=040  \\$aAR-BaFGC$beng$cAR-BaFGC$dDLC$dUk$erda
=042  \\$aukblderived
=043  \\$as-bl---$as-ag---
=050  00$aHM578.B6$bB53 2015
=100  1\$aBlanco, Alejandro,$eauthor.
=245  10$aSociología en el espejo :$bensayistas, científicos sociales y críticos literarios en Brasil y en la Argentina (1930-1970) /$cAlejandro Blanco, Luiz Carlos Jackson ; prólogo de Sergio Miceli.
=264  \1$aBernal :$bUniversidad Nacional de Quilmes Editorial,$c2015.
=300  \\$a271 pages ;$c20 cm.
=336  \\$atext$2rdacontent
=337  \\$aunmediated$2rdamedia
=338  \\$avolume$2rdacarrier
=490  0\$aColección Intersecciones
=504  \\$aIncludes bibliographical references (pages 251-271).
=650  \0$aSociology$xResearch$zBrazil$xHistory$y20th century.
=650  \0$aSociology$xResearch$zArgentina$xHistory$y20th century.
=650  \0$aSociology$xStudy and teaching (Higher)$zBrazil$xHistory$y20th century.
=650  \0$aSociology$xStudy and teaching (Higher)$zArgentina$xHistory$y20th century.
=650  \0$aCriticism$zBrazil$xHistory$y20th century.
=650  \0$aCriticism$zArgentina$xHistory$y20th century.
=700  1\$aJackson, Luiz Carlos,$eauthor.
=852  41$aBritish Library$bHMNTS$jYF.2017.a.4090
=856  41$uhttp://core.cambeiro.com.ar/0-61339-26.pdf
=CAT  \\$a11253$b40$c20161121$lBLL01$h1351
=CAT  \\$a11002$b40$c20170214$lBLL01$h1046
=FIN  \\$aY$d20170214
=FMT  \\$a  BK
=LAS  \\$a11002$b40$c20170214$lBLL01$h1046
=SRC  \\$aBLL02

