=LDR  01152 am a2200349 i 4500
=001  018112054
=003  Uk
=005  20170201131326.0
=008  160316s2015\\\\ag\\\\\\\\\\\\000\0\spa\d
=010  \\$a  2016365595
=020  \\$a9789873687136
=035  \\$a(AR-BaFGC)0-181167/0
=040  \\$aAR-BaFGC$beng$cAR-BaFGC$dDLC$dUk$erda
=042  \\$aukblderived
=043  \\$as-ag---
=050  00$aHV1441.A72$bR67 2015
=100  1\$aHudson, Juan Pablo,$d1978-$eauthor.
=245  14$aLas partes vitales :$bexperiencias con jóvenes de las periferias /$cJuan Pablo Hudson.
=264  \1$a[Buenos Aires] :$bTinta Limón,$c[2015]
=300  \\$a206 pages ;$c20 cm
=336  \\$atext$2rdacontent
=337  \\$aunmediated$2rdamedia
=338  \\$avolume$2rdacarrier
=650  \0$aPoor teenagers$zArgentina$zRosario (Santa Fe)$xSocial conditions.
=852  41$aBritish Library$bHMNTS$jYF.2017.a.2663
=856  41$uhttp://core.cambeiro.com.ar/0-181167-0.pdf
=CAT  \\$a11253$b40$c20161121$lBLL01$h1353
=CAT  \\$a11131$b40$c20170201$lBLL01$h1313
=FIN  \\$aY$d20170201
=FMT  \\$a  BK
=LAS  \\$a11131$b40$c20170201$lBLL01$h1313
=SRC  \\$aBLL02

