=LDR  01501 am a2200433 i 4500
=001  018112068
=003  Uk
=005  20170214095358.0
=008  160315s2015\\\\ag\a\\\\\b\\\\000\0\spa\d
=010  \\$a  2016365608
=020  \\$a9789873687105
=035  \\$a(AR-BaFGC)0-159567/4
=040  \\$aAR-BaFGC$beng$cAR-BaFGC$dDLC$dUk$erda
=042  \\$aukblderived
=043  \\$as------
=050  00$aF2212$b.R58 2015
=100  1\$aRivera Cusicanqui, Silvia,$eeditor.
=245  10$aSociología de la imagen :$bmiradas ch'ixi desde la historia andina /$cSilvia Rivera Cusicanqui.
=264  \1$a[Buenos Aires] :$bTinta Limón Ediciones,$c[2015]
=300  \\$a350 pages :$billustrations ;$c20 cm.
=336  \\$atext$2rdacontent
=337  \\$aunmediated$2rdamedia
=338  \\$avolume$2rdacarrier
=490  0\$aColección Nociones comunes
=490  0\$aSerie Ch'ixi
=500  \\$a"Glosario de términos en otras lenguas": pages 321-336.
=500  \\$a"Documentos audiovisuales": page 337.
=504  \\$aIncludes bibliographical references (pages 339-350).
=650  \0$aArt, Andean$xSociological aspects.
=650  \0$aDecolonization.
=651  \0$aAndes Region$xCivilization.
=852  41$aBritish Library$bHMNTS$jYF.2017.a.4052
=856  41$uhttp://core.cambeiro.com.ar/0-159567-4.pdf
=CAT  \\$a11253$b40$c20161121$lBLL01$h1403
=CAT  \\$a11002$b40$c20170214$lBLL01$h0953
=FIN  \\$aY$d20170214
=FMT  \\$a  BK
=LAS  \\$a11002$b40$c20170214$lBLL01$h0953
=SRC  \\$aBLL02

