=LDR  01480 am a2200409 i 4500
=001  018113601
=003  Uk
=005  20170214112622.0
=008  160421s2016\\\\ag\\\\\\\b\\\f000\0\spa\d
=010  \\$a  2016365669
=020  \\$a9789877490428
=035  \\$a(AR-BaFGC)0-130581/58
=040  \\$aAR-BaFGC$beng$cAR-BaFGC$dDLC$dUk$erda
=042  \\$aukblderived
=043  \\$as-ag---
=050  00$aHQ76.3.A72$bB845 2016
=100  1\$aMeccia, Ernesto,$d1968-$eauthor.
=245  13$aEl tiempo no para :$blos últimos homosexuales cuentan su historia /$cErnesto Meccia.
=264  \1$a[Buenos Aires] :$bEudeba ;$a[Santa Fe, Argentina] :$bEdiciones UNL,$c[2016]
=300  \\$a490 pages ;$c22 cm.
=336  \\$atext$2rdacontent
=337  \\$aunmediated$2rdamedia
=338  \\$avolume$2rdacarrier
=490  0\$aItinerarios
=504  \\$aIncludes bibliographical references (pages 471-490).
=650  \0$aGay men$zArgentina$zBuenos Aires$xSocial conditions.
=650  \0$aGay men$zArgentina$zBuenos Aires Region$xPsychology.
=650  \0$aGay men$zArgentina$zBuenos Aires Region$vInterviews.
=650  \0$aHomosexuality$zArgentina$zBuenos Aires Region$xHistory.
=852  41$aBritish Library$bHMNTS$jYF.2017.a.4108
=856  41$uhttp://core.cambeiro.com.ar/0-130581-58.pdf
=CAT  \\$a11253$b40$c20161122$lBLL01$h1032
=CAT  \\$a11002$b40$c20170214$lBLL01$h1126
=FIN  \\$aY$d20170214
=FMT  \\$a  BK
=LAS  \\$a11002$b40$c20170214$lBLL01$h1126
=SRC  \\$aBLL02

