=LDR  01527 am a2200385 i 4500
=001  018113630
=003  Uk
=005  20170425095056.0
=008  151015s2015\\\\ag\a\\\\\b\\\\001\0\spa\d
=010  \\$a  2016365227
=020  \\$a9789873370847
=035  \\$a(AR-BaFGC)0-180115/0
=040  \\$aAR-BaFGC$beng$cAR-BaFGC$dDLC$dUk$erda
=042  \\$aukblderived
=043  \\$as-ag---
=050  00$aF2821.1.S23$bC37 2015
=100  1\$aCastiglione, Antonio Virgilio,$eauthor.
=245  13$aEl Imperio Inca llegó hasta Santiago del Estero (en la Argentina) :$bel Camino del Inca ; el quichua santiagueño /$cAntonio Virgilio Castiglione de la Academia de Ciencias de Santiago del Estero.
=264  \1$a[Santiago del Estero, Argentina] :$b[publisher not identified],$cAño 2015.
=300  \\$a238 pages :$billustrations (some color) ;$c22 cm
=336  \\$atext$2rdacontent
=337  \\$aunmediated$2rdamedia
=338  \\$avolume$2rdacarrier
=504  \\$aIncludes bibliographical references (pages 229-234) and index.
=650  \0$aIncas$zArgentina$zSantiago del Estero (Province)$xAntiquities.
=650  \0$aQuechua language$xDialects$zArgentina$zSantiago del Estero (Province)
=651  \0$aQhapaq Ñan.
=852  41$aBritish Library$bHMNTS$jYF.2017.a.11421
=856  41$uhttp://core.cambeiro.com.ar/0-180115-0.pdf
=CAT  \\$a11253$b40$c20161122$lBLL01$h1111
=CAT  \\$a11002$b40$c20170425$lBLL01$h0950
=FIN  \\$aY$d20170425
=FMT  \\$a  BK
=LAS  \\$a11002$b40$c20170425$lBLL01$h0950
=SRC  \\$aBLL02

