=LDR  01279 am a2200373 i 4500
=001  018113649
=003  Uk
=005  20170612122042.0
=008  150728s2015\\\\ag\\\\\\\b\\\\000\0dspa\d
=010  \\$a  2014512660
=020  \\$a9789870281054
=035  \\$a(AR-BaFGC)0-178527/0
=040  \\$aAR-BaFGC$beng$cAR-BaFGC$dDLC$dUk$erda
=042  \\$aukblderived
=050  00$aPQ7797.M277$bZ76 2015
=100  1\$aMorgado, Juan Sebastián,$d1947-$eauthor.
=245  10$aMartínez Estrada, ajedrez e ideas /$cJuan Sebastián Morgado.
=264  \1$aBuenos Aires :$bEditorial Dunken,$c2015.
=300  \\$a326 pages ;$c23 cm
=336  \\$atext$2rdacontent
=337  \\$aunmediated$2rdamedia
=338  \\$avolume$2rdacarrier
=504  \\$aIncludes bibliographical references (pages 323-326).
=600  10$aMartínez Estrada, Ezequiel,$d1895-1964.
=600  10$aMartínez Estrada, Ezequiel,$d1895-1964.$tFilosofía del ajedrez.
=650  \0$aChess in literature.
=852  41$aBritish Library$bHMNTS$jYF.2017.a.14837
=856  41$uhttp://core.cambeiro.com.ar/0-178527-0.pdf
=CAT  \\$a11253$b40$c20161122$lBLL01$h1124
=CAT  \\$a11002$b40$c20170612$lBLL01$h1220
=FIN  \\$aY$d20170612
=FMT  \\$a  BK
=LAS  \\$a11002$b40$c20170612$lBLL01$h1220
=SRC  \\$aBLL02

