=LDR  01344 am a2200385 i 4500
=001  018113664
=003  Uk
=005  20170201113706.0
=008  160712s2016\\\\ag\a\\\\\b\\\\000\0\spa\d
=010  \\$a  2016366186
=020  \\$a9789873728303
=035  \\$a(AR-BaFGC)0-153594/15
=040  \\$aAR-BaFGC$beng$cAR-BaFGC$dDLC$dUk$erda
=042  \\$aukblderived
=050  00$aPQ7798.26.E764$bZ48 2016
=100  1\$aPerlongher, Néstor,$d1949-1992,$eauthor.
=240  10$aLetters.$kSelections
=245  10$aCorrespondencia /$cNéstor Perlongher ; compilación, introducción y notas Cecilia Palmeiro.
=264  \1$aBuenos Aires, Argentina :$bMansalva,$c[2016]
=300  \\$a238 pages, 6 unnumbered pages :$billustrations ;$c24 cm.
=336  \\$atext$2rdacontent
=337  \\$aunmediated$2rdamedia
=338  \\$avolume$2rdacarrier
=490  0\$aCampo real ;$v12
=504  \\$aIncludes bibliographical references.
=600  10$aPerlongher, Néstor,$d1949-1992$vCorrespondence.
=700  1\$aPalermo, Cecilia,$eeditor.
=852  41$aBritish Library$bHMNTS$jYF.2017.a.2681
=856  41$uhttp://core.cambeiro.com.ar/0-153594-15.pdf
=CAT  \\$a11253$b40$c20161122$lBLL01$h1133
=CAT  \\$a11131$b40$c20170201$lBLL01$h1137
=FIN  \\$aY$d20170201
=FMT  \\$a  BK
=LAS  \\$a11131$b40$c20170201$lBLL01$h1137
=SID  \\$aZ39$bLOC

