=LDR  01454 am a2200397 i 4500
=001  018190230
=003  Uk
=005  20170425155626.0
=008  141210s2014\\\\ag\\\\\\\b\\\\000\0\spa\d
=010  \\$a  2014510124
=020  \\$a9789871567409
=035  \\$a(AR-BaFGC)0-176590/0
=040  \\$aAR-BaFGC$beng$cAR-BaFGC$dDLC$dUk$erda
=042  \\$aukblderived
=043  \\$as-ag---
=050  00$aLC177.A7$bD47 2014
=100  1\$aDércoli, Julián Andrés,$eauthor.
=245  13$aLa política universitaria del primer peronismo /$cJulián Andrés Dércoli.
=264  \1$aCiudad Autónoma de Buenos Aires :$bPunto de Encuentro,$c[2014]
=300  \\$a166 pages ;$c20 cm
=336  \\$atext$2rdacontent
=337  \\$aunmediated$2rdamedia
=338  \\$avolume$2rdacarrier
=500  \\$aOriginally presented as the author's thesis (licenciatura)--Universidad de Buenos Aires.
=504  \\$aIncludes bibliographical references (pages 163-166).
=650  \0$aHigher education and state$zArgentina$xHistory$y20th century.
=650  \0$aPeronism$xHistory$y20th century.
=651  \0$aArgentina$xPolitics and government$y20th century.
=852  41$aBritish Library$bHMNTS$jYF.2017.a.11416
=856  41$uhttp://core.cambeiro.com.ar/0-176590-0.pdf
=CAT  \\$a6503$b40$c20170125$lBLL01$h1619
=CAT  \\$a11002$b40$c20170425$lBLL01$h1556
=FIN  \\$aY$d20170425
=FMT  \\$a  BK
=LAS  \\$a11002$b40$c20170425$lBLL01$h1556
=SRC  \\$aBLL02

