=LDR  01735 am a2200481 i 4500
=001  018190268
=003  Uk
=005  20170328080127.0
=008  160314s2015\\\\ag\a\\\\\b\\\\000\0dspa\d
=010  \\$a  2016365532
=020  \\$a9789500845489
=020  \\$a9500845482
=035  \\$a(OCoLC)971892802
=040  \\$aAR-BaFGC$beng$cDLC$dOCLCO$dOCLCQ$dOCLCF$dUk$erda
=042  \\$aukblderived
=043  \\$as-ag---
=050  00$aF2849.2$b.B346 2015
=100  1\$aBalza, Martín Antonio,$eauthor.
=245  10$aBitácora de un soldado :$bmis memorias de Perón a Kirchner /$cMartín Balza.
=250  \\$aPrimera edición.
=264  \1$aBuenos Aires, Argentina :$bEditorial Atlántida,$c[2015]
=300  \\$a494 pages :$billustrations ;$c23 cm
=336  \\$atext$btxt$2rdacontent
=337  \\$aunmediated$bn$2rdamedia
=338  \\$avolume$bnc$2rdacarrier
=504  \\$aIncludes bibliographical references (pages 489-494).
=600  10$aBalza, Martín Antonio.
=600  17$aBalza, Martín Antonio$2fast$0(OCoLC)fst00192560
=648  \7$a1955-2002$2fast
=650  \7$aMilitary policy.$2fast$0(OCoLC)fst01021386
=650  \7$aPolitics and government.$2fast$0(OCoLC)fst01919741
=651  \0$aArgentina$xPolitics and government$y1955-1983.
=651  \0$aArgentina$xPolitics and government$y1983-2002.
=651  \0$aArgentina$xMilitary policy.
=651  \7$aArgentina.$2fast$0(OCoLC)fst01205614
=852  41$aBritish Library$bHMNTS$jYF.2017.a.8144
=856  41$uhttp://core.cambeiro.com.ar/0-180176-0.pdf
=CAT  \\$a6503$b40$c20170125$lBLL01$h1711
=CAT  \\$a11131$b40$c20170328$lBLL01$h0801
=FIN  \\$aY$d20170328
=FMT  \\$a  BK
=LAS  \\$a11131$b40$c20170328$lBLL01$h0801
=SID  \\$aZ39$bOCLC

