=LDR  01591 am a2200433 i 4500
=001  018190895
=003  Uk
=005  20170425160938.0
=008  160624s2015\\\\ag\\\\\\\b\\\\000\0\spa\d
=010  \\$a  2016366430
=020  \\$a9789877130751
=035  \\$a(AR-BaFGC)0-181929/0
=040  \\$aAR-BaFGC$beng$cAR-BaFGC$dDLC$dUk$erda
=042  \\$aukblderived
=043  \\$as-ag---$acl-----
=050  00$aF2849$b.P424 2015
=100  1\$aPerón, Juan Domingo,$d1895-1974,$eauthor.
=240  10$aWorks.$kSelections
=245  10$aRepensar a Perón :$ben la hora de Latinoamérica : en homenaje a los 70 años del 17 de octubre de 1945 /$c[compilation] Miguel Ángel Barrios, Paulo Germán Arias.
=264  \1$a[Buenos Aires] :$bEdiciones Fabro,$c2015.
=300  \\$a556 pages ;$c22 cm
=336  \\$atext$2rdacontent
=337  \\$aunmediated$2rdamedia
=338  \\$avolume$2rdacarrier
=504  \\$aIncludes bibliographical references (pages 549-550).
=600  10$aPerón, Juan Domingo,$d1895-1974$xPhilosophy.
=600  10$aPerón, Juan Domingo,$d1895-1974$vQuotations.
=650  \0$aGeopolitics$zLatin America.
=651  \0$aArgentina$xPolitics and government.
=700  1\$aBarrios, Migel Ángel,$eeditor.
=700  1\$aAres, Paulo,$d1975-$eeditor.
=852  41$aBritish Library$bHMNTS$jYF.2017.a.11456
=856  41$uhttp://core.cambeiro.com.ar/0-181929-0.pdf
=CAT  \\$a11253$b40$c20170126$lBLL01$h1331
=CAT  \\$a11002$b40$c20170425$lBLL01$h1609
=FIN  \\$aY$d20170425
=FMT  \\$a  BK
=LAS  \\$a11002$b40$c20170425$lBLL01$h1609
=SID  \\$aZ39$bLOC

