=LDR  02557 am a2200445 i 4500
=001  018190911
=003  Uk
=005  20170425110206.0
=008  160323s2015\\\\ag\\\\\\\b\\\\000\0\spa\d
=010  \\$a  2016365505
=020  \\$a9789873617836
=035  \\$a(AR-BaFGC)0-156490/17
=040  \\$aAR-BaFGC$beng$cAR-BaFGC$dDLC$dUk$erda
=042  \\$aukblderived
=043  \\$as-ag---
=050  00$aPN5004$b.P65 2015
=245  00$aPolémicas intelectuales, debates políticos :$blas revistas culturales en el siglo XX /$cLeticia Prislei (directora).
=264  \1$aCiudad Autónoma de Buenos Aires, República Argentina :$bEditorial de la Facultad de Filosofía y Letras, Universidad de Buenos Aires,$c[2015]
=300  \\$a442 pages ;$c20 cm.
=336  \\$atext$2rdacontent
=337  \\$aunmediated$2rdamedia
=338  \\$avolume$2rdacarrier
=490  0\$aColección Libros de cátedra
=500  \\$a"Cátedra de Pensamiento Argentino y Latinoamericano."--Title page.
=504  \\$aIncludes bibliographical references.
=505  0\$aLa primera década de Nosotros / Leticia Prislei -- Arielismo, reforma universitaria y socialismo bolchevique / Natalia Bustelo -- La búsqueda de una voz propia / Karina Vasquez -- Políticas de la revista Sur / Mauro Donnantuoni Moratto -- Sexto Continente / Daniel Sazbón -- El semanario Marcha entre los años cincuenta y sesenta / Ximena Espeche -- ¿El CEFyL del relevo? / Luciano Barreras -- Debates y rupturas en el nacimiento de Pasado y Presente / Alexia Massholder -- Polémica en Pasado y Presente / Leticia Prislei -- Cristianismo y Revolución o cómo situarse entre las vanguardias y el pueblo / Leticia Prislei -- Antropología 3er Mundo y Envido / Miguel Faigón -- Un epílogo para los años setenta / Matías Farías -- Una revista para la "izquierda democrática" / Ricardo Martínez Mazzola.
=650  \0$aJournalism$zArgentina$xHistory$y20th century.
=650  \0$aArgentine periodicals$xHistory$y20th century.
=651  \0$aArgentina$xIntellectual life$y20th century.
=651  \0$aArgentina$xPolitics and government$y20th century.
=700  1\$aPrislei, Leticia,$eeditor.
=700  12$iContainer of (work):$aSazbón, Daniel.$tSexto continente.
=852  41$aBritish Library$bHMNTS$jYF.2017.a.11437
=856  41$uhttp://core.cambeiro.com.ar/0-156490-17.pdf
=CAT  \\$a11253$b40$c20170126$lBLL01$h1343
=CAT  \\$a11002$b40$c20170425$lBLL01$h1102
=FIN  \\$aY$d20170425
=FMT  \\$a  BK
=LAS  \\$a11002$b40$c20170425$lBLL01$h1102
=SRC  \\$aBLL02

