=LDR  01792 am a2200457 i 4500
=001  018191961
=003  Uk
=005  20170214093129.0
=008  160411s2015\\\\ag\a\\\\\b\\\f000\0\spa\d
=010  \\$a  2016365628
=020  \\$a9789507214998
=035  \\$a(AR-BaFGC)0-179566/0
=040  \\$aAR-BaFGC$beng$cAR-BaFGC$dDLC$dUk$erda
=042  \\$aukblderived
=043  \\$asn-----
=050  00$aF2230.1.A3$bR33 2015
=245  00$aRacionalidades campesinas en los Andes del Sur :$breflexiones en torno al cultivo de la quinua y otros cultivos andinos /$cPablo Cruz, Richard Joffre, Thierry Winkel, editores.
=250  \\$a1ra edición.
=264  \1$aSan Salvador de Jujuy, Argentina :$bUniversidad Nacional de Jujuy,$c2015.
=300  \\$a398 pages :$billustrations ;$c24 cm
=336  \\$atext$2rdacontent
=337  \\$aunmediated$2rdamedia
=338  \\$avolume$2rdacarrier
=504  \\$aIncludes bibliographical references.
=650  \0$aIndians of South America$xAgriculture$zAndes Region.
=650  \0$aQuinoa$zAndes Region.
=650  \0$aTraditional farming$zAndes Region.
=650  \0$aRural-urban migration$zAndes.
=700  1\$aCruz, P.$q(Pablo),$eeditor.
=700  1\$aJoffre, Richard,$eeditor.
=700  1\$aWinkel, Thierry,$eeditor.
=700  1\$iContainer of (work):$aVassas Toral, Anaïs.$tMovilidades, recursos de tierra y sistemas de producción agrícola en el Altiplano Sur de Bolivia.
=852  41$aBritish Library$bHMNTS$jYF.2017.a.4051
=856  41$uhttp://core.cambeiro.com.ar/0-179566-0.pdf
=CAT  \\$a11253$b40$c20170127$lBLL01$h1016
=CAT  \\$aBATCH-UPD$b40$c20170127$lBLL01$h1016
=CAT  \\$a11002$b40$c20170214$lBLL01$h0931
=FIN  \\$aY$d20170214
=FMT  \\$a  BK
=LAS  \\$a11002$b40$c20170214$lBLL01$h0931
=SID  \\$aZ39$bLOC

