=LDR  01599 am a2200445 i 4500
=001  018191967
=003  Uk
=005  20170523134902.0
=008  151015s2015\\\\ag\\\\\\\b\\\f000\0dspa\d
=010  \\$a  2016365202
=020  \\$a9789877280166
=035  \\$a(AR-BaFGC)0-178787/0
=040  \\$aAR-BaFGC$beng$cAR-BaFGC$dDLC$dUk$erda
=042  \\$aukblderived
=043  \\$a-ei----$as------
=050  00$aDP41$b.B25 2015
=100  1\$aBaldez Rozas, Alejandro,$eauthor.
=245  10$aLibro de apuntes /$cAlejandro Baldez Rozas ; estudio preliminar de Ana Silvia Galán.
=264  \1$aCiudad Autónoma de Buenos Aires :$bEdiciones Biblioteca Nacional,$c[2015]
=300  \\$a172 pages ;$c23 cm
=336  \\$atext$2rdacontent
=337  \\$aunmediated$2rdamedia
=338  \\$avolume$2rdacarrier
=504  \\$aIncludes bibliographical references.
=600  10$aBaldez Rozas, Alejandro$xTravel$zIberian Peninsula.
=600  10$aBaldez Rozas, Alejandro$xTravel$zSouth America.
=600  10$aRosas, Juan Manuel de,$d1793-1877.
=600  10$aBaldez Rozas, Alejandro$vDiaries.
=650  \0$aTravelers$zArgentina$vDiaries.
=651  \0$aIberian Peninsula$xDescription and travel.
=651  \0$aSouth America$xDescription and travel.
=700  1\$aGalán, Ana Silvia,$eeditor.
=852  41$aBritish Library$bHMNTS$jYF.2017.a.13742
=856  41$uhttp://core.cambeiro.com.ar/0-178787-0.pdf
=CAT  \\$a11253$b40$c20170127$lBLL01$h1028
=CAT  \\$a11002$b40$c20170523$lBLL01$h1349
=FIN  \\$aY$d20170523
=FMT  \\$a  BK
=LAS  \\$a11002$b40$c20170523$lBLL01$h1349
=SRC  \\$aBLL02

