=LDR  01394 am a2200397 i 4500
=001  018191972
=003  Uk
=005  20170523163600.0
=008  160226s2015\\\\ag\\\\\\\b\\\\000\0bspa\d
=010  \\$a  2016365914
=020  \\$a9789873864162
=035  \\$a(AR-BaFGC)0-180922/1
=040  \\$aAR-BaFGC$beng$cAR-BaFGC$dDLC$dUk$erda
=042  \\$aukblderived
=043  \\$as-ag---
=050  00$aBX4705.P39$bF73 2015
=100  1\$aFraschina, Alicia.
=245  13$aLa expulsión no fue ausencia :$bMaría Antonia de San José, beata de la Compañía de Jesús : biografía y legado /$cAlicia Fraschina.
=264  \1$aRosario :$bProhistoria Ediciones,$c2015.
=300  \\$a235 pages ;$c23 cm.
=336  \\$atext$2rdacontent
=337  \\$aunmediated$2rdamedia
=338  \\$avolume$2rdacarrier
=490  0\$aIglesias y religiosidades ;$v1
=500  \\$aPublished in Rosario, Santa Fe, Argentina.
=504  \\$aIncludes bibliographical references (pages 211-235).
=600  10$aPaz y Figueroa, María Antonia de,$d1730-1799.
=650  \0$aNuns$zArgentina$vBiography.
=852  41$aBritish Library$bHMNTS$jYF.2017.a.13792
=856  41$uhttp://core.cambeiro.com.ar/0-180922-1.pdf
=CAT  \\$a11253$b40$c20170127$lBLL01$h1034
=CAT  \\$a11002$b40$c20170523$lBLL01$h1636
=FIN  \\$aY$d20170523
=FMT  \\$a  BK
=LAS  \\$a11002$b40$c20170523$lBLL01$h1636
=SRC  \\$aBLL02

