=LDR  01435 am a2200409 i 4500
=001  018191974
=003  Uk
=005  20170328091839.0
=008  150629s2015\\\\ag\\\\\\\b\\\\000\0dspa\d
=010  \\$a  2014512435
=020  \\$a9789500530675
=035  \\$a(AR-BaFGC)0-178448/0
=040  \\$aAR-BaFGC$beng$cAR-BaFGC$dDLC$dUk$erda
=042  \\$aukblderived
=043  \\$as-ag---
=050  00$aHV6885.B8$bH54 2015
=100  1\$aHiga, Jorge,$eauthor.
=245  10$aPoetas, malandras, percantas y otras yerbas :$bmarginalidad y delito en la literatura y el tango : notas para una ecología de la mala vida /$cJorge Higa.
=264  \1$aBs. As. :$bCorregidor,$c[2015]
=300  \\$a395 pages ;$c23 cm
=336  \\$atext$2rdacontent
=337  \\$aunmediated$2rdamedia
=338  \\$avolume$2rdacarrier
=500  \\$aPublished in Buenos Aires.
=504  \\$aIncludes bibliographical references.
=650  \0$aCrime$zArgentina$zBuenos Aires$xHistory.
=650  \0$aArgentine literature$xHistory and criticism.
=650  \0$aCrime in literature.
=650  \0$aTangos$zArgentina$zBuenos Aires$xHistory and criticism.
=852  41$aBritish Library$bHMNTS$jYF.2017.a.8172
=856  41$uhttp://core.cambeiro.com.ar/0-178448-0.pdf
=CAT  \\$a11253$b40$c20170127$lBLL01$h1036
=CAT  \\$a11131$b40$c20170328$lBLL01$h0918
=FIN  \\$aY$d20170328
=FMT  \\$a  BK
=LAS  \\$a11131$b40$c20170328$lBLL01$h0918
=SRC  \\$aBLL02

