=LDR  01366 am a2200373 i 4500
=001  018192031
=003  Uk
=005  20170425160702.0
=008  160606s2015\\\\ag\\\\\\\b\\\\000\0\spa\d
=010  \\$a  2016365883
=020  \\$a9789871725366
=035  \\$a(AR-BaFGC)0-182359/0
=040  \\$aAR-BaFGC$beng$cAR-BaFGC$dDLC$dUk$erda
=042  \\$aukblderived
=043  \\$as-ag---
=050  00$aPQ7671$b.R43 2015
=100  1\$aRedondo, Nilda Susana,$eauthor.
=245  13$aLa voz popular y el concepto de patria en poetas argentinos de los 50-70 del siglo XX :$bLeónidas Lamborghini, César Fernández Moreno, Francisco Urondo, Julio Cortázar y Alberto Spunzberg /$cNilda Susana Redondo.
=264  \1$aLa Plata [Argentina] :$bDe la Campana,$c[2015]
=300  \\$a236 pages ;$c22 cm
=336  \\$atext$2rdacontent
=337  \\$aunmediated$2rdamedia
=338  \\$avolume$2rdacarrier
=504  \\$aIncludes bibliographical references.
=650  \0$aArgentine poetry$y20th century$xHistory and criticism.
=650  \0$aHomeland in literature.
=852  41$aBritish Library$bHMNTS$jYF.2017.a.11415
=856  41$uhttp://core.cambeiro.com.ar/0-182359-0.pdf
=CAT  \\$a11253$b40$c20170127$lBLL01$h1119
=CAT  \\$a11002$b40$c20170425$lBLL01$h1607
=FIN  \\$aY$d20170425
=FMT  \\$a  BK
=LAS  \\$a11002$b40$c20170425$lBLL01$h1607
=SRC  \\$aBLL02

