=LDR  01668 am a2200409 i 4500
=001  018192044
=003  Uk
=005  20170214094915.0
=008  160703s2016\\\\ag\a\\\\\\\\\\000\0\spa\d
=010  \\$a  2016366171
=020  \\$a9789872775933
=035  \\$a(AR-BaFGC)0-183536/1
=040  \\$aAR-BaFGC$beng$cAR-BaFGC$dDLC$dUk$erda
=042  \\$aukblderived
=043  \\$as-ag---
=050  00$aHD1531.A7$bM45 2016
=245  00$aMemoria de los orígenes de la Central Campesina de Productores del Norte.
=264  \1$a[Argentina] :$bMOCASE Vía Campesina,$c[2016]
=300  \\$a232 pages :$billustrations ;$c21 cm.
=336  \\$atext$2rdacontent
=337  \\$aunmediated$2rdamedia
=338  \\$avolume$2rdacarrier
=490  0\$aColección Sociedad en movimiento
=500  \\$aConclusions of the Primer Congreso del MOCASE: pages 169-197.
=500  \\$aSynthesis of the Asamblea del MOCASE: pages 198-211.
=500  \\$a"Memoria histórica del hombre del monte" by Ángel: pages 212-228.
=610  20$aMovimiento de Campesinos de Santiago del Estero (Argentina).$bCentral Campesina de Productores del Norte$xHistory.
=610  20$aMovimiento de Campesinos de Santiago del Estero (Argentina).$bCentral Campesina de Productores del Norte$vInterviews.
=650  \0$aPeasants$xPolitical activity$zArgentina$zSantiago del Estero (Province)
=852  41$aBritish Library$bHMNTS$jYF.2017.a.4053
=856  41$uhttp://core.cambeiro.com.ar/0-183536-1.pdf
=CAT  \\$a11253$b40$c20170127$lBLL01$h1125
=CAT  \\$a11002$b40$c20170214$lBLL01$h0949
=FIN  \\$aY$d20170214
=FMT  \\$a  BK
=LAS  \\$a11002$b40$c20170214$lBLL01$h0949
=SID  \\$aZ39$bLOC

