=LDR  01640 am a2200409 i 4500
=001  018192083
=003  Uk
=005  20170815133146.0
=008  160407e201601\\ag\a\\\\\b\\\\000\0\spa\d
=010  \\$a  2016365890
=020  \\$a9789876936804
=035  \\$a(AR-BaFGC)0-181917/0
=040  \\$aAR-BaFGC$beng$cAR-BaFGC$dDLC$dUk$erda
=042  \\$aukblderived
=043  \\$as-ag---
=050  00$aHD9014.A72$bR66 2016
=100  1\$aRomero, Fernando G.$q(Fernando Gabriel),$eauthor.
=245  13$aEl imperialismo y el agro argentino :$bhistoria reciente del capital extranjero en el complejo agroindustrial pampeano /$cFernando Gabriel Romero.
=250  \\$aPrimera edición.
=264  \1$a[Buenos Aires] :$bCIEA, UBA :$bEdiciones CICCUS ;$aFoz do Iguaçu, Brazil :$bUniversidade Federal da Integração Latino-Americana,$cenero 2016.
=300  \\$a507 pages :$billustrations ;$c23 cm
=336  \\$atext$2rdacontent
=337  \\$aunmediated$2rdamedia
=338  \\$avolume$2rdacarrier
=500  \\$aBased on the author's thesis (doctoral)--Universidad de Buenos Aires, 2013.
=504  \\$aIncludes bibliographical references.
=650  \0$aAgricultural industries$zArgentina$xHistory.
=650  \0$aInvestments, Foreign$zArgentina$yHistory.
=651  \0$aArgentina$xDependency on foreign countries$y20th century.
=852  41$aBritish Library$bHMNTS$jYF.2017.a.19350
=856  41$uhttp://core.cambeiro.com.ar/0-181917-0.pdf
=CAT  \\$a11253$b40$c20170127$lBLL01$h1143
=CAT  \\$a11002$b40$c20170815$lBLL01$h1331
=FIN  \\$aY$d20170815
=FMT  \\$a  BK
=LAS  \\$a11002$b40$c20170815$lBLL01$h1331
=SRC  \\$aBLL02

