=LDR  01368cam a2200397 i 4500
=001  018231833
=003  Uk
=005  20180416132252.0
=008  160623s2014\\\\ag\a\\\\\\\\\s000\0dspa\d
=010  \\$a  2016366090
=020  \\$a9789871412488
=035  \\$a(AR-BaFGC)0-169130/0
=040  \\$aAR-BaFGC$beng$cAR-BaFGC$dDLC$dUk$erda
=042  \\$aukblderived
=043  \\$alsfk---$as-ag---
=050  00$aF3031.5$b.M468 2014
=100  1\$aMesaín, Jorge Ernesto,$einterviewer.
=245  10$a"Mal"vinas :$bel regreso del infierno : Malvinas /$cJorge Ernesto Mesaín.
=246  30$aRegreso del infierno
=246  3\$aMalvinas
=264  \1$a[Rawson, Argentina] :$bSecretaría de Cultura de la Provincia del Chubut,$c[2014]
=300  \\$a259 pages :$billustrations ;$c21 cm
=336  \\$atext$2rdacontent
=337  \\$aunmediated$2rdamedia
=338  \\$avolume$2rdacarrier
=650  \0$aFalkland Islands War, 1982$xPersonal narratives, Argentine.
=650  \0$aSoldiers$zArgentina$vInterviews.
=852  41$aBritish Library$bHMNTS$jYF.2018.a.6572
=856  41$uhttp://core.cambeiro.com.ar/0-169130-0.pdf
=CAT  \\$a6503$b40$c20170216$lBLL01$h1357
=CAT  \\$a10904$b40$c20180416$lBLL01$h1322
=CAT  \\$aW2308-1659$c20230923$lBLL01$h1014
=FIN  \\$aY$d20180416
=FMT  \\$a  BK
=LAS  \\$aW2308-1659$b00$c20230923$lBLL01$h1014
=SRC  \\$aBLL02

