=LDR  02432 am a2200445 i 4500
=001  018329288
=003  Uk
=005  20170725081947.0
=008  150226s2014\\\\ag\\\\\\\b\\\\001\0\spa\d
=010  \\$a  2014510643
=020  \\$a9789877190519
=035  \\$a(AR-BaFGC)0-137114/3
=040  \\$aAR-BaFGC$beng$cAR-BaFGC$dDLC$dUk$erda
=042  \\$aukblderived
=043  \\$as-ag---
=050  00$aZ519.3$b.E314 2014
=130  0\$aEditores y políticas editoriales en Argentina, 1880-2000.
=245  10$aEditores y políticas editoriales en Argentina :$b(1880-2010) /$cJosé Luis de Diego (director).
=250  \\$aNueva edición aumentada y actualizada.
=264  \1$aBuenos Aires, Argentina :$bFondo de Cultura Económica,$c2014.
=300  \\$axv, 314 pages ;$c23 cm.
=336  \\$atext$2rdacontent
=337  \\$aunmediated$2rdamedia
=338  \\$avolume$2rdacarrier
=490  0\$aLibros sobre libros
=500  \\$aEnlarged and updated edition of: Editores y políticas editoriales en Argentina, 1880-200. Buenos Aires : Fondo de Cultura Económica, 2006. With one chapter enlarged, and the addition of an appendix.
=504  \\$aIncludes bibliographical references and index.
=505  0\$a1880-1899. El surgimiento de un mercado editorial / Sergio Pastormerlo -- 1900-1919. La organización del espacio editorial / Margarita Merbilhad -- 1920-1937. La emergencia del editor moderno / Verónica Delgado y Fabio Espósito -- 1938-1955. La "época de oro" de la industria editorial / José Luis de Diego -- 1956-1975. La consolidación del mercado interno / Amelia Aguado -- 1976-1989. Dictadura y democracia / José Luis de Diego -- 1990-2010. Concentración, polarización y después / Malena Botto -- Aspectos legales e institucionales de la industria editorial argentina / Silvia Naciff.
=650  \0$aPublishers and publishing$zArgentina$xHistory$y20th century.
=650  \0$aBook industries and trade$zArgentina$xHistory$y20th century.
=700  1\$aDiego, José Luis de,$eeditor.
=700  12$iContainer of (work):$aBotto, Malena.$tConcentración, polarización y después.
=852  41$aBritish Library$bHMNTS$jYF.2017.a.17613
=856  41$uhttp://core.cambeiro.com.ar/0-137114-3.pdf
=CAT  \\$a9518$b40$c20170502$lBLL01$h1648
=CAT  \\$a10904$b40$c20170725$lBLL01$h0819
=FIN  \\$aY$d20170725
=FMT  \\$a  BK
=LAS  \\$a10904$b40$c20170725$lBLL01$h0819
=SRC  \\$aBLL02

