=LDR  01636 am a2200409 i 4500
=001  018334317
=003  Uk
=005  20170612090416.0
=008  160304s2015\\\\ag\\\\\\\b\\\\000\0\spa\d
=010  \\$a  2016365515
=020  \\$a9789875747289
=035  \\$a(AR-BaFGC)0-180580/0
=040  \\$aAR-BaFGC$beng$cAR-BaFGC$dDLC$dUk$erda
=042  \\$aukblderived
=043  \\$as-ag---
=050  00$aPQ7671$b.M395 2015
=100  1\$aMaturo, Graciela,$d1928-$eauthor.
=240  10$aProyecciones del surrealismo en la literatura argentina
=245  13$aEl surrealismo en la poesía argentina /$cGraciela Maturo.
=250  \\$aSegunda edición ampliada.
=264  \1$aBuenos Aires :$bPrometeo Libros,$c[2015]
=300  \\$a237 pages ;$c24 cm
=336  \\$atext$2rdacontent
=337  \\$aunmediated$2rdamedia
=338  \\$avolume$2rdacarrier
=504  \\$aIncludes bibliographical references (page 225-237).
=650  \0$aArgentine poetry$y20th century$xHistory and criticism.
=650  \0$aSurrealism (Literature)$zArgentina.
=775  0\$iExpanded version of (expression):$aMaturo, Graciela, 1928-$tProyecciones del surrealismo en la literatura argentina$w(OCoLC)620430$w(DLC)   71275716$d[Buenos Aires] : Ediciones Culturales Argentinas, [1967]$h253 p., illus., ports., 20 cm.$kColección Movimientos literarios
=852  41$aBritish Library$bHMNTS$jYF.2017.a.14832
=856  41$uhttp://core.cambeiro.com.ar/0-180580-0.pdf
=CAT  \\$a11253$b40$c20170503$lBLL01$h1121
=CAT  \\$a11002$b40$c20170612$lBLL01$h0904
=FIN  \\$aY$d20170612
=FMT  \\$a  BK
=LAS  \\$a11002$b40$c20170612$lBLL01$h0904
=SRC  \\$aBLL02

