=LDR  01742 am a2200421 i 4500
=001  018334343
=003  Uk
=005  20170725105224.0
=008  160211s2015\\\\ag\a\\\\\b\\\l000\0\spa\d
=010  \\$a  2016365377
=020  \\$a9789871642304
=035  \\$a(AR-BaFGC)0-178553/0
=040  \\$aAR-BaFGC$beng$cAR-BaFGC$dDLC$dUk$erda
=042  \\$aukblderived
=043  \\$as-ag---
=050  00$aGA655.B84$bA77 2015
=245  00$aArs cartographica :$bcartografía histórica de Buenos Aires : 1830-1889 /$cdirección del proyecto Sergio Pedernera ; coordinación Pablo Posternak ; textos Claudio Canaparo, Fabio Ares, Sergio Pedernera.
=264  \1$aBuenos Aires, Argentina :$bPatrimonio e Instituto Histórico,$c[2015]
=300  \\$a132 pages :$billustrations ;$c24 cm
=336  \\$atext$2rdacontent
=337  \\$aunmediated$2rdamedia
=338  \\$avolume$2rdacarrier
=504  \\$aIncludes bibliographical references (pages 131-132).
=610  20$aInstituto Histórico de la Ciudad de Buenos Aires.$bArchivo Histórico$vCatalogs.
=650  \0$aCartography$zArgentina$zBuenos Aires$xHistory$y19th century$vCatalogs.
=651  \0$aBuenos Aires (Argentina)$xMaps$xHistory$vCatalogs.
=700  1\$aPedernera, Sergio,$eeditor.
=700  1\$aPosternak, Pablo,$eeditor.
=710  2\$aInstituto Histórico de la Ciudad de Buenos Aires.$bArchivo Histórico.
=852  41$aBritish Library$bHMNTS$jYF.2017.a.17664
=856  41$uhttp://core.cambeiro.com.ar/0-178553-0.pdf
=CAT  \\$a11253$b40$c20170503$lBLL01$h1148
=CAT  \\$aBATCH-UPD$b40$c20170503$lBLL01$h1149
=CAT  \\$a10904$b40$c20170725$lBLL01$h1052
=FIN  \\$aY$d20170725
=FMT  \\$a  BK
=LAS  \\$a10904$b40$c20170725$lBLL01$h1052
=SID  \\$aZ39$bLOC

