=LDR  02215cam a2200541 i 4500
=001  018334389
=003  Uk
=005  20201127185250.0
=008  161101s2016\\\\ag\ab\\\\b\\\\000\0\spa\d
=010  \\$a  2017371353
=020  \\$a9789873784330$qpaperback
=035  \\$a(AR-BaFGC)0-136923/12
=035  \\$a(OCoLC) 952276172
=040  \\$aAR-BaFGC$beng$cAR-BaFGC$dDLC$dUk$erda
=042  \\$aukblsr
=043  \\$ae------
=050  00$aJV21.B4$bB4 2016
=245  00$aBE.BOP 2012-2014 :$bel cuerpo en el continente de la conciencia negra /$cAlanna Lockward (comp.) ; Erna Brodber [and 15 others].
=250  \\$a1a ed.
=264  \1$aBuenos Aires, Argentina :$bEdiciones del Signo,$c2016.
=300  \\$a198 pages :$billustrations (black and white), maps (black and white) ;$c21 cm.
=336  \\$atext$2rdacontent
=337  \\$aunmediated$2rdamedia
=338  \\$avolume$2rdacarrier
=490  1\$aColección El desprendimiento
=500  \\$a"La traducción intercultural como acción y cooperación decolonizante" by Laura Judit Alegre: pages 191-198.
=504  \\$aIncludes bibliographical references.
=611  20$aBE.BOP (Conference)
=650  \0$aDecolonization$xCongresses.
=650  \0$aBlack people$xRace identity$zEurope$xCongresses.
=650  \0$aPostcolonialism and the arts$xCongresses.
=700  1\$aLockward, Alanna,$eeditor.
=700  12$iContainer of (expression):$aBrodber, Erna.$tMarcus Garvey & the continent of Black consciousness.$lSpanish.
=830  \0$aColección El Desprendimiento.
=852  41$aBritish Library$bHMNTS$jYF.2020.a.6798
=856  41$uhttp://core.cambeiro.com.ar/0-136923-12.pdf
=883  0\$aLanguage codes assigned by Bayesian analysis of words present in record$d20201028$qUk$c0.9010
=985  \\$aUpgraded by BSS-generated file for WR2011-1472
=CAT  \\$a11253$b40$c20170503$lBLL01$h1312
=CAT  \\$a11002$b40$c20170927$lBLL01$h1337
=CAT  \\$a11433$b40$c20200902$lBLL01$h1159
=CAT  \\$a11342$b40$c20200915$lBLL01$h1728
=CAT  \\$aW2011-1472$b00$c20201127$lBLL01$h1852
=CAT  \\$a11249$b40$c20230320$lBLL01$h1649
=FIN  \\$aY$d20200915
=FMT  \\$a  BK
=LAS  \\$a11249$b40$c20230320$lBLL01$h1649
=SRC  \\$aBLL02

