=LDR  01404 am a2200397 i 4500
=001  018334391
=003  Uk
=005  20170724141351.0
=008  161104s2016\\\\ag\\\\\\\\\\\\000\0\spa\d
=010  \\$a  2016366815
=020  \\$a9789873743665
=035  \\$a(AR-BaFGC)0-184370/1
=040  \\$aAR-BaFGC$beng$cAR-BaFGC$dDLC$dUk$erda
=042  \\$aukblderived
=043  \\$as-ag---
=050  00$aF2816$b.G6618 2016
=100  1\$aGombrowicz, Witold,$eauthor.
=240  10$aWędrówki po Argentynie.$lSpanish
=245  10$aPeregrinaciones argentinas /$cWitold Gombrowicz ; traducción del polaco de Bożena Zaboklicka y Francesc Miravitlles ; edición a cargo de Edgardo Russo.
=264  \1$aBuenos Aires, Argentina :$bEl Cuenco de Plata,$c[2016]
=300  \\$a156 pages ;$c21 cm.
=336  \\$atext$2rdacontent
=337  \\$aunmediated$2rdamedia
=338  \\$avolume$2rdacarrier
=490  0\$aBiblioteca Gombrowicz
=600  10$aGombrowicz, Witold$xHomes and haunts$zArgentina.
=651  \0$aArgentina$xDescription and travel.
=700  1\$aRusso, Edgardo,$d1949-$eeditor.
=852  41$aBritish Library$bHMNTS$jYF.2017.a.18052
=856  41$uhttp://core.cambeiro.com.ar/0-184370-1.pdf
=CAT  \\$a11253$b40$c20170503$lBLL01$h1316
=CAT  \\$a11002$b40$c20170724$lBLL01$h1413
=FIN  \\$aY$d20170724
=FMT  \\$a  BK
=LAS  \\$a11002$b40$c20170724$lBLL01$h1413
=SID  \\$aZ39$bLOC

