=LDR  01375 am a2200409 i 4500
=001  018334427
=003  Uk
=005  20170725103703.0
=008  160412s2016\\\\ag\\\\\\\b\\\\000\0\spa\d
=010  \\$a  2016365924
=020  \\$a9789876914604
=035  \\$a(AR-BaFGC)0-3454/87
=040  \\$aAR-BaFGC$beng$cAR-BaFGC$dDLC$dUk$erda
=042  \\$aukblderived
=050  00$aJC578$b.L59 2016
=100  1\$aLizárraga, Fernando,$eauthor.
=245  10$aMarxistas y liberales :$bla justicia, la igualdad y la fraternidad en la teoría política contemporánea /$cFernando Lizárraga.
=264  \1$aBuenos Aires :$bEditorial Biblos,$c[2016]
=300  \\$a249 pages ;$c23 cm.
=336  \\$atext$2rdacontent
=337  \\$aunmediated$2rdamedia
=338  \\$avolume$2rdacarrier
=490  0\$aFilosofía
=504  \\$aIncludes bibliographical references (pages 243-249).
=600  10$aRawls, John,$d1921-2002.
=600  10$aCohen, G. A.$q(Gerard Allan),$d1921-2002.
=600  10$aOrwell, George,$d1903-1950.
=650  \0$aJustice.
=650  \0$aEquality.
=852  41$aBritish Library$bHMNTS$jYF.2017.a.17605
=856  41$uhttp://core.cambeiro.com.ar/0-3454-87.pdf
=CAT  \\$a11253$b40$c20170503$lBLL01$h1352
=CAT  \\$a10904$b40$c20170725$lBLL01$h1037
=FIN  \\$aY$d20170725
=FMT  \\$a  BK
=LAS  \\$a10904$b40$c20170725$lBLL01$h1037
=SRC  \\$aBLL02

