=LDR  01335 am a2200385 i 4500
=001  018334565
=003  Uk
=005  20170725115740.0
=008  160412s2016\\\\ag\\\\\\\b\\\\000\0\spa\d
=010  \\$a  2016365948
=020  \\$a9789876914550
=035  \\$a(AR-BaFGC)0-135468/33
=040  \\$aAR-BaFGC$beng$cAR-BaFGC$dDLC$dUk$erda
=042  \\$aukblderived
=050  00$aPQ7797.E3$bM338 2015
=100  1\$aSorbille, Martín,$eauthor.
=245  14$a"El matadero": una pesadilla :$ben busca del falo perdido con las topologías de Freud, Lacan y Žižek /$cMartín Sorbille.
=264  \1$aBuenos Aires :$bEditorial Biblos,$c[2016]
=300  \\$a210 pages ;$c23 cm.
=336  \\$atext$2rdacontent
=337  \\$aunmediated$2rdamedia
=338  \\$avolume$2rdacarrier
=490  0\$aTeoría y crítica
=504  \\$aIncludes bibliographical references (pages 203-210).
=600  10$aEcheverría, Esteban.$tMatadero.
=650  \0$aPsychoanalysis and literature.
=852  41$aBritish Library$bHMNTS$jYF.2017.a.17651
=856  41$uhttp://core.cambeiro.com.ar/0-135468-33.pdf
=CAT  \\$a6503$b40$c20170503$lBLL01$h1602
=CAT  \\$a10904$b40$c20170725$lBLL01$h1156
=CAT  \\$a10904$b40$c20170725$lBLL01$h1157
=FIN  \\$aY$d20170725
=FMT  \\$a  BK
=LAS  \\$a10904$b40$c20170725$lBLL01$h1157
=SRC  \\$aBLL02

