=LDR  01334cam a2200385 i 4500
=001  018335084
=003  Uk
=005  20170725072833.0
=008  150827s2014\\\\ag\\\\\\\b\\\\000\0\spa\d
=010  \\$a  2014512772
=020  \\$a9789870436416
=035  \\$a(AR-BaFGC)0-177305/0
=040  \\$aAR-BaFGC$beng$cAR-BaFGC$dDLC$dUk$erda
=042  \\$aukblderived
=050  00$aGV943.9.F35$bA535 2014
=100  1\$aAlabarces, Pablo,$eauthor.
=245  10$aHéroes, machos y patriotas :$bel fútbol entre la violencia y los medios /$cPablo Alabarces.
=264  \1$aCiudad de Buenos Aires :$bAguilar,$c[2014]
=300  \\$a284 pages ;$c23 cm
=336  \\$atext$2rdacontent
=337  \\$aunmediated$2rdamedia
=338  \\$avolume$2rdacarrier
=504  \\$aIncludes bibliographical references (pages 273-284).
=650  \0$aSoccer hooliganism$xSocial aspects.
=650  \0$aSoccer hooliganism$xPolitical aspects.
=852  41$aBritish Library$bHMNTS$jYF.2017.a.17619
=856  41$uhttp://core.cambeiro.com.ar/0-177305-0.pdf
=CAT  \\$a6503$b40$c20170504$lBLL01$h1352
=CAT  \\$aBATCH-UPD$b40$c20170504$lBLL01$h1352
=CAT  \\$a10904$b40$c20170725$lBLL01$h0728
=CAT  \\$aBATCH-UPD$b40$c20220129$lBLL01$h1738
=FIN  \\$aY$d20170725
=FMT  \\$a  BK
=LAS  \\$aBATCH-UPD$b40$c20220129$lBLL01$h1738
=SRC  \\$aBLL02

