=LDR  01389 am a2200397 i 4500
=001  018335101
=003  Uk
=005  20170927111621.0
=008  151016s2015\\\\ag\af\\\\b\\\\001\0\spa\d
=010  \\$a  2016365183
=020  \\$a9789874592620
=035  \\$a(AR-BaFGC)0-180169/0
=040  \\$aAR-BaFGC$beng$cAR-BaFGC$dDLC$dUk$erda
=042  \\$aukblderived
=043  \\$as-ag---
=050  00$aR692$b.S266 2015
=100  1\$aSánchez, Norma Isabel,$eauthor.
=245  14$aLas primeras mujeres de la medicina universitaria argentina :$b1889-1950 /$cNorma Isabel Sánchez, Sergio Provenzano, Federico Pérgola.
=264  \1$a[Buenos Aires] :$bEAB, Editorial Alfredo Buzzi,$c[2015]
=300  \\$a213 pages :$billustrations ;$c21 cm
=336  \\$atext$2rdacontent
=337  \\$aunmediated$2rdamedia
=338  \\$avolume$2rdacarrier
=500  \\$aAppendices: pages 183-197.
=504  \\$aIncludes bibliographical references and index.
=650  \0$aWomen physicians$zArgentina.
=700  1\$aProvenzano, Sergio D.,$eauthor.
=700  1\$aPergola, Federico,$eauthor.
=852  41$aBritish Library$bHMNTS$jYF.2017.a.22284
=856  41$uhttp://core.cambeiro.com.ar/0-180169-0.pdf
=CAT  \\$a6503$b40$c20170504$lBLL01$h1409
=CAT  \\$a11002$b40$c20170927$lBLL01$h1116
=FIN  \\$aY$d20170927
=FMT  \\$a  BK
=LAS  \\$a11002$b40$c20170927$lBLL01$h1116
=SRC  \\$aBLL02

