=LDR  01334 am a2200385 i 4500
=001  018335122
=003  Uk
=005  20170725094529.0
=008  150916s2015\\\\ag\a\\\\\b\\\\000\0\spa\d
=010  \\$a  2016365073
=020  \\$a9789508453365
=035  \\$a(AR-BaFGC)0-77522/65
=040  \\$aAR-BaFGC$beng$cAR-BaFGC$dDLC$dUk$erda
=042  \\$aukblderived
=043  \\$as-ag---
=050  00$aPQ7797.S22435$bZ81 2015
=100  1\$aPatruno, Luigi,$d1978-$eauthor.
=245  10$aRelatos de regreso :$bensayos sobre la obra de Juan José Saer /$cLuigi Patruno.
=250  \\$aPrimera edición.
=264  \1$a[Rosario, Provincia de Santa Fe, Argentina] :$bBeatriz Viterbo Editora,$c2015.
=300  \\$a127 pages :$billustrations ;$c20 cm.
=336  \\$atext$2rdacontent
=337  \\$aunmediated$2rdamedia
=338  \\$avolume$2rdacarrier
=490  0\$aEnsayos críticos
=504  \\$aIncludes bibliographical references (pages 121-126).
=600  10$aSaer, Juan José,$d1937-2005$xCriticism and interpretation.
=852  41$aBritish Library$bHMNTS$jYF.2017.a.18045
=856  41$uhttp://core.cambeiro.com.ar/0-77522-65.pdf
=CAT  \\$a6503$b40$c20170504$lBLL01$h1429
=CAT  \\$a11002$b40$c20170725$lBLL01$h0945
=FIN  \\$aY$d20170725
=FMT  \\$a  BK
=LAS  \\$a11002$b40$c20170725$lBLL01$h0945
=SRC  \\$aBLL02

