=LDR  01702 am a2200445 i 4500
=001  018335181
=003  Uk
=005  20170725074547.0
=008  150915s2015\\\\ag\\\\\\\b\\\f000\0\spa\d
=010  \\$a  2014512694
=020  \\$a9789875583627
=035  \\$a(AR-BaFGC)0-128835/9
=040  \\$aAR-BaFGC$beng$cAR-BaFGC$dDLC$dUk$erda
=042  \\$aukblderived
=043  \\$as-ag---
=050  00$aRA459$b.S355 2015
=245  03$aLa salud pública y la enfermería en la Argentina /$cCarolina Biernat, Juan Manuel Cerdá y Karina Inés Ramacciotti (directores).
=264  \1$aBernal [Argentina] :$bUniversidad Nacional de Quilmes Editorial,$c2015.
=300  \\$a339 pages ;$c22 cm.
=336  \\$atext$2rdacontent
=337  \\$aunmediated$2rdamedia
=338  \\$avolume$2rdacarrier
=490  0\$aColección Textos y lecturas en ciencias sociales
=500  \\$a"Cronología de la historia de la enfermería": pages 333-335.
=504  \\$aIncludes bibliographical references.
=650  \0$aPublic health$zArgentina$xHistory$y20th century.
=650  \0$aMedical policy$zArgentina$xHistory$y20th century.
=650  \0$aNurses$zArgentina$xHistory.
=700  1\$aBiernat, Carolina,$eeditor.
=700  1\$aCerdá, Juan Manuel,$eeditor.
=700  1\$aRamacciotti, Karina Inés,$eeditor.
=700  12$iContainer of (work):$aCerdá, Juan Manuel.$tPolítica social y salud.
=852  41$aBritish Library$bHMNTS$jYF.2017.a.17661
=856  41$uhttp://core.cambeiro.com.ar/0-128835-9.pdf
=CAT  \\$a6503$b40$c20170504$lBLL01$h1617
=CAT  \\$a10904$b40$c20170725$lBLL01$h0745
=FIN  \\$aY$d20170725
=FMT  \\$a  BK
=LAS  \\$a10904$b40$c20170725$lBLL01$h0745
=SRC  \\$aBLL02

