=LDR  01566 am a2200397 i 4500
=001  018335183
=003  Uk
=005  20170612091544.0
=008  160128s2015\\\\ag\\\\\\\b\\\\000\0\spa\d
=010  \\$a  2016365906
=020  \\$a9789871855735
=035  \\$a(AR-BaFGC)0-176128/0
=040  \\$aAR-BaFGC$beng$cAR-BaFGC$dDLC$dUk$erda
=042  \\$aukblderived
=043  \\$as-uy---
=050  00$aHJ983$b.E83 2015
=100  1\$aEtchechury Barrera, Mario,$eauthor.
=245  10$aHijos de Mercurio, esclavos de Marte :$bmercaderes y servidores del Estado en el Río de la Plata (Montevideo, 1806-1860) /$cMario Etchechury Barrera.
=264  \1$aRosario, Argentina :$bProhistoria Ediciones ;$a[Barcelona, Spain] :$bState Building in Latin America,$c2015.
=300  \\$a361 pages ;$c23 cm
=336  \\$atext$2rdacontent
=337  \\$aunmediated$2rdamedia
=338  \\$avolume$2rdacarrier
=500  \\$aBased on the author's thesis (doctoral)--Universitat Pomeu Fabra, 2013.
=504  \\$aIncludes bibliographical references.
=650  \0$aFinance, Public$zUruguay$zMontevideo$xHistory$y19th century.
=650  \0$aFiscal policy$zUruguay$zMontevideo$xHistory$y19th century.
=650  \0$aTax collection$zUruguay$zMontevideo$xHistory$y19th century.
=852  41$aBritish Library$bHMNTS$jYF.2017.a.14825
=856  41$uhttp://core.cambeiro.com.ar/0-176128-0.pdf
=CAT  \\$a6503$b40$c20170504$lBLL01$h1620
=CAT  \\$a11002$b40$c20170612$lBLL01$h0915
=FIN  \\$aY$d20170612
=FMT  \\$a  BK
=LAS  \\$a11002$b40$c20170612$lBLL01$h0915
=SRC  \\$aBLL02

