=LDR  01331 am a2200385 i 4500
=001  018335184
=003  Uk
=005  20170725083554.0
=008  151022s2015\\\\ag\\\\\\\b\\\f000\0\spa\d
=010  \\$a  2016365048
=020  \\$a9789875583573
=035  \\$a(AR-BaFGC)0-60638/13
=040  \\$aAR-BaFGC$beng$cAR-BaFGC$dDLC$dUk$erda
=042  \\$aukblderived
=043  \\$as-ag---
=050  00$aQ127.A6$bF46 2015
=100  1\$aFeld, Adriana,$eauthor.
=245  10$aCiencia y política(s) en la Argentina, 1943-1983 /$cAdriana Feld.
=246  13$aCiencia y políticas en la Argentina, 1943-1983
=264  \1$aBernal [Argentina]: :$bUniversidad Nacional de Quilmes Editorial,$c2015.
=300  \\$a522 pages ;$c20 cm.
=336  \\$atext$2rdacontent
=337  \\$aunmediated$2rdamedia
=338  \\$avolume$2rdacarrier
=490  0\$aColección Ciencia, tecnología y sociedad
=504  \\$aIncludes bibliographical references (pages 467-522).
=650  \0$aScience and state$zArgentina$xHistory$y20th century.
=852  41$aBritish Library$bHMNTS$jYF.2017.a.17640
=856  41$uhttp://core.cambeiro.com.ar/0-60638-13.pdf
=CAT  \\$a6503$b40$c20170504$lBLL01$h1621
=CAT  \\$a10904$b40$c20170725$lBLL01$h0835
=FIN  \\$aY$d20170725
=FMT  \\$a  BK
=LAS  \\$a10904$b40$c20170725$lBLL01$h0835
=SRC  \\$aBLL02

