=LDR  01285 am a2200373 i 4500
=001  018335185
=003  Uk
=005  20170612122038.0
=008  151113s2015\\\\ag\\\\\\\b\\\\000\0\spa\d
=010  \\$a  2016365232
=020  \\$a9789873918049
=035  \\$a(AR-BaFGC)0-180734/0
=040  \\$aAR-BaFGC$beng$cAR-BaFGC$dDLC$dUk$erda
=042  \\$aukblderived
=043  \\$as-ag---
=050  00$aF3126$b.M186 2015
=100  1\$aMaggiori, Ernesto,$eauthor.
=245  10$aConsideraciones y reflexiones acerca de la historia de los pueblos mapuche y tehuelche :$bensayo histórico /$cErnesto Maggiori.
=264  \1$a[Trelew Provincia de Chubut, Argentina] :$bRemitente Patagonia,$c2015.
=300  \\$a607 pages ;$c23 cm
=336  \\$atext$2rdacontent
=337  \\$aunmediated$2rdamedia
=338  \\$avolume$2rdacarrier
=504  \\$aIncludes bibliographical references (pages 599-607).
=650  \0$aMapuche Indians$xHistory.
=650  \0$aTehuelche Indians$xHistory.
=852  41$aBritish Library$bHMNTS$jYF.2017.a.14833
=856  41$uhttp://core.cambeiro.com.ar/0-180734-0.pdf
=CAT  \\$a6503$b40$c20170504$lBLL01$h1622
=CAT  \\$a11002$b40$c20170612$lBLL01$h1220
=FIN  \\$aY$d20170612
=FMT  \\$a  BK
=LAS  \\$a11002$b40$c20170612$lBLL01$h1220
=SRC  \\$aBLL02

