=LDR  01482 am a2200421 i 4500
=001  018335195
=003  Uk
=005  20170612093351.0
=008  160513s2015\\\\ag\\\\\\\b\\\\000\0\spa\d
=010  \\$a  2016365947
=020  \\$a9789877230604
=035  \\$a(AR-BaFGC)0-163344/5
=040  \\$aAR-BaFGC$beng$cAR-BaFGC$dDLC$dUk$erda
=042  \\$aukblderived
=043  \\$as-bo---$as-ag---
=050  00$aF3021.B65$bS96 2015
=100  1\$aSzmukler, Alicia M.,$eauthor.
=245  10$aBolivianos en la diáspora :$brepresentaciones y prácticas comunicativas en el ciberespacio /$cAlicia Szmukler.
=264  \1$aBuenos Aires, Argentina :$bTeseo,$c[2015]
=300  \\$a222 pages ;$c20 cm.
=336  \\$atext$2rdacontent
=337  \\$aunmediated$2rdamedia
=338  \\$avolume$2rdacarrier
=490  0\$aAntropología
=500  \\$aOriginally presented as the author's thesis (doctoral)--Universidad de Buenos Aires.
=504  \\$aIncludes bibliographical references (pages 199-222).
=650  \0$aBolivians$zArgentina.
=650  \0$aNational characteristics, Bolivian.
=650  \0$aInternet and immigrants$zArgentina.
=650  \0$aImmigrants$zArgentina.
=852  41$aBritish Library$bHMNTS$jYF.2017.a.14838
=856  41$uhttp://core.cambeiro.com.ar/0-163344-5.pdf
=CAT  \\$a6503$b40$c20170504$lBLL01$h1645
=CAT  \\$a11002$b40$c20170612$lBLL01$h0933
=FIN  \\$aY$d20170612
=FMT  \\$a  BK
=LAS  \\$a11002$b40$c20170612$lBLL01$h0933
=SRC  \\$aBLL02

