=LDR  01641 am a2200433 i 4500
=001  018398350
=003  Uk
=005  20170629113307.0
=008  140519s2014\\\\ag\\\\\\\b\\\\000\0dspa\d
=010  \\$a  2012516579
=020  \\$a9789500520966
=035  \\$a(AR-BaFGC)0-122116/51
=040  \\$aAR-BaFGC$cAR-BaFGC$dUk$dDLC$erda
=042  \\$aukblcatcopy
=050  00$aPQ7797.B517$bZ74 2014
=100  1\$aMelchiorre, Valeria,$eauthor.
=245  10$aAmelia Biagioni: la "ex-centricidad" como trayecto :$bpoesía y campo poético, poesía y multiplicidad: el camino hacia lo singular /$cValeria Melchiorre.
=246  13$aAmelia Biagioni: la excentricidad como trayecto
=264  \1$aBs. As. :$bCorregidor,$c[2014]
=300  \\$a407 pages ;$c20 cm.
=336  \\$atext$2rdacontent
=337  \\$aunmediated$2rdamedia
=338  \\$avolume$2rdacarrier
=490  0\$aNueva crítica hispanoamericana
=500  \\$aPlace of publication: Buenos Aires, Argentina.
=500  \\$aBased on the author's thesis (doctoral)--Université de Paris VIII, 2012.
=504  \\$aIncludes bibliographical references (pages 387-403).
=600  10$aBiagioni, Amelia$xCriticism and interpretation.
=852  41$aBritish Library$bHMNTS$jYF.2017.a.15786
=856  41$uhttp://core.cambeiro.com.ar/0-122116-51.pdf
=CAT  \\$a8197$b40$c20170629$lBLL01$h1129
=CAT  \\$a8197$b40$c20170629$lBLL01$h1130
=CAT  \\$a8197$b40$c20170629$lBLL01$h1131
=CAT  \\$a8197$b40$c20170629$lBLL01$h1132
=CAT  \\$a8197$b40$c20170629$lBLL01$h1133
=FIN  \\$aY$d20170629
=FMT  \\$a  BK
=LAS  \\$a8197$b40$c20170629$lBLL01$h1133
=SRC  \\$aBLL02

