=LDR  01400 am a2200397 i 4500
=001  018454010
=003  Uk
=005  20170815134127.0
=008  150710s2015\\\\ag\\\\\\\bd\\\001\0\spa\d
=010  \\$a  2014512530
=020  \\$a9789876913386
=035  \\$a(AR-BaFGC)0-148062/6
=040  \\$aAR-BaFGC$beng$cAR-BaFGC$dDLC$dUk$erda
=042  \\$aukblderived
=043  \\$acl-----
=050  00$aH49.S627$bD535 2015
=245  00$aDiccionario del pensamiento alternativo.$pAdenda /$cHugo E. Biagini, director.
=264  \1$aBuenos Aires :$bEditorial Biblos,$c[2015]
=300  \\$a234 pages ;$c23 cm.
=336  \\$atext$2rdacontent
=337  \\$aunmediated$2rdamedia
=338  \\$avolume$2rdacarrier
=490  0\$aLexicón
=504  \\$aIncludes bibliographical references and indexes.
=650  \0$aSocial sciences$vDictionaries$xSpanish.
=650  \0$aSocial sciences$zLatin America$vDictionaries$xSpanish.
=700  1\$aBiagini, Hugo E.$q(Hugo Edgardo),$eeditor.
=700  12$iSupplement to (work):$aBiagini, Hugo E.$q(Hugo Edgardo)$tDiccionario de pensamiento alternativo.
=852  41$aBritish Library$bHMNTS$jYF.2017.a.19351
=856  41$uhttp://core.cambeiro.com.ar/0-148062-6.pdf
=CAT  \\$a11253$b40$c20170803$lBLL01$h0847
=CAT  \\$a11002$b40$c20170815$lBLL01$h1341
=FIN  \\$aY$d20170815
=FMT  \\$a  BK
=LAS  \\$a11002$b40$c20170815$lBLL01$h1341
=SRC  \\$aBLL02

