=LDR  01387 am a2200421 i 4500
=001  018502786
=003  Uk
=005  20180123135057.0
=008  161014s2016\\\\ag\a\\\\\b\\\\000\0\spa\d
=010  \\$a  2016366830
=020  \\$a9789871942695
=035  \\$a(AR-BaFGC)0-183709/2
=040  \\$aAR-BaFGC$beng$cAR-BaFGC$dDLC$dUk$erda
=042  \\$aukblderived
=043  \\$as-ag---$ae-uk---$alsfk---
=050  00$aF2833.5.G7$bT33 2016
=100  1\$aTabossi, Ricardo,$eauthor.
=245  10$a¿Hasta cuándo Inglaterra? /$cRicardo Tabossi.
=250  \\$aPrimera edición.
=264  \1$a[Buenos Aires?] :$bEdiciones Argentinidad,$c[2016?]
=300  \\$a202 pages :$b1 illustration ;$c23 cm.
=336  \\$atext$2rdacontent
=337  \\$aunmediated$2rdamedia
=338  \\$avolume$2rdacarrier
=490  0\$aColección histórica
=504  \\$aIncludes bibliographical references.
=650  \0$aImperialism.
=651  \0$aArgentina$xRelations$zGreat Britain.
=651  \0$aGreat Britain$xRelations$zArgentina.
=651  \0$aFalkland Islands$xInternational status.
=852  41$aBritish Library$bHMNTS$jYF.2018.a.1002
=856  41$uhttp://core.cambeiro.com.ar/0-183709-2.pdf
=CAT  \\$a6503$b40$c20170908$lBLL01$h0952
=CAT  \\$a11002$b40$c20180123$lBLL01$h1350
=FIN  \\$aY$d20180123
=FMT  \\$a  BK
=LAS  \\$a11002$b40$c20180123$lBLL01$h1350
=SRC  \\$aBLL02

