=LDR  01491 am a2200421 a 4500
=001  015260418
=003  Uk
=005  20120606115623.0
=008  090729s2009\\\\ag\\\\\\\b\\\\000\0\spa\d
=020  \\$a9789505577927 (pbk.)
=035  \\$a(AR-BaFGC)0-763/23
=040  \\$aAR-BaFGC$beng$cAR-BaFGC$dDLC$dUk
=042  \\$aukblsr
=050  00$aPQ7797.A66$bA6 2009
=100  1\$aArlt, Roberto,$d1900-1942.
=240  10$aArticles.$kSelections
=245  13$aEl paisaje en las nubes :$bcrónicas en El mundo, 1937-1942 /$cRoberto Arlt ; prólogo de Ricardo Piglia ; edición e introducción de Rose Corral.
=250  \\$a1. ed.
=260  \\$aBuenos Aires :$bFondo de Cultura Económica,$c2009.
=300  \\$a766 p. ;$c23 cm.
=336  \\$atext$2rdacontent
=337  \\$aunmediated$2rdamedia
=338  \\$avolume$2rdacarrier
=490  1\$aTierra firme
=504  \\$aIncludes bibliographical references.
=700  1\$aCorral, Rose.
=710  2\$aFondo de Cultura Económica (Buenos Aires, Argentina)
=730  0\$aMundo (Buenos Aires, Argentina)
=830  \0$aColección Tierra firme (Buenos Aires, Argentina)
=852  41$aBritish Library$bHMNTS$jYF.2012.a.15478
=856  41$uhttp://core.cambeiro.com.ar/0-763-23.pdf
=CAT  \\$a6160$b40$c20090519$lBLL01$h1044
=CAT  \\$a5521$b40$c20120606$lBLL01$h1156
=CAT  \\$aBATCH-UPD$b40$c20130824$lBLL01$h1922
=FIN  \\$aY$d20120606
=FMT  \\$a  BK
=LAS  \\$aBATCH-UPD$b40$c20130824$lBLL01$h1922
=SID  \\$aZ39$bLOC

