=LDR  01473 am a22004217a 4500
=001  016434306
=003  Uk
=005  20150707121006.0
=008  120213s2011\\\\ag\af\\\\b\\\\000\p\spa\d
=010  \\$a  2013373413
=020  \\$a9789872646462
=020  \\$a9872646465
=035  \\$a(OCoLC)793328362
=040  \\$aAR-BaFGC$beng$cN15$dOCLCO$dDLC$dOCLCF$dUk
=042  \\$aukblderived
=050  \4$aPQ7798.22.U47$bE85 2011
=100  1\$aLukin, Liliana,$d1951-
=245  13$aLa Ética demostrada según el orden poético, 2005-2006 /$cLiliana Lukin ; [imágenes, Gustavo Schwartz].
=260  \\$a[Buenos Aires, Argentina?] :$bLa Cebra,$cc2011.
=300  \\$a81 p., [8] p. of plates :$bill. ;$c22 cm
=336  \\$atext$2rdacontent
=337  \\$aunmediated$2rdamedia
=338  \\$avolume$2rdacarrier
=500  \\$aPoems.
=504  \\$aIncludes bibliographical references.
=600  10$aSpinoza, Benedictus de,$d1632-1677.$tEthica$vPoetry.
=630  07$aEthica (Spinoza, Benedictus de)$2fast$0(OCoLC)fst01356339
=655  \7$aPoetry.$2fast$0(OCoLC)fst01423828
=700  1\$aSchwartz, Gustavo.
=852  41$aBritish Library$bHMNTS$jYF.2015.a.13088
=856  41$uhttp://core.cambeiro.com.ar/0-165510-0.pdf
=CAT  \\$a9518$b40$c20130619$lBLL01$h1209
=CAT  \\$a11131$b40$c20150707$lBLL01$h1210
=CAT  \\$aWR14_128$c20160226$lBLL01$h1627
=FIN  \\$aY$d20150707
=FMT  \\$a  BK
=LAS  \\$aWR14_128$b00$c20160226$lBLL01$h1627
=SID  \\$aZ39$bOCLC

