=LDR  01516 am a2200445 a 4500
=001  016434336
=003  Uk
=005  20150707084842.0
=008  120427s2011\\\\ag\a\\\\\b\\\i000\0\spa\d
=020  \\$a9789502317700
=020  \\$a950231770X
=035  \\$a(OCoLC)818843530
=040  \\$aAR-BaFGC$cN15$dUk
=043  \\$acl-----
=050  \4$aQ127.L38$bC54 2011
=245  00$aCiencia, tecnología y universidad en Iberoamérica /$cMario Albornoz, José Antonio López Cerezo, editores ; autores, Mario Albornoz ... [et al.].
=250  \\$a1o ed.
=260  \\$aCiudad de Buenos Aires :$bEUDEBA :$bOEI,$c2011.
=300  \\$a209 pages :$billustrations ;$c27 cm.
=336  \\$atext$2rdacontent
=337  \\$aunmediated$2rdamedia
=338  \\$avolume$2rdacarrier
=490  0\$aMetas educativas 2021
=490  0\$aCiencia
=504  \\$aIncludes bibliographical references.
=650  \0$aScience$zLatin America.
=650  \0$aResearch$zLatin America.
=650  \0$aScience and state$zLatin America.
=650  \0$aUniversities and colleges$zLatin America.
=700  1\$aAlbornoz, Mario E.
=700  1\$aLópez Cerezo, José A.,$d1960-
=852  41$aBritish Library$bHMNTS$jYF.2015.b.1208
=856  41$uhttp://core.cambeiro.com.ar/0-165839-1.pdf
=CAT  \\$a9518$b40$c20130619$lBLL01$h1304
=CAT  \\$a5703$b40$c20150707$lBLL01$h0848
=CAT  \\$aWR14_128$c20160226$lBLL01$h1627
=FIN  \\$aY$d20150707
=FMT  \\$a  BK
=LAS  \\$aWR14_128$b00$c20160226$lBLL01$h1627
=SID  \\$aZ39$bOCLC

