=LDR  01185cam a22003617a 4500
=001  016458177
=003  Uk
=005  20130724105329.0
=008  121207s2012\\\\bl\\\\\\\b\\\\000\0\por\d
=020  \\$a9788572825108
=020  \\$a857282510X
=035  \\$a(OCoLC)845247189
=040  \\$aAR-BaFGC$cN15$dOCLCO$dUk
=042  \\$aukblderived
=050  \4$aPQ9697.M18$bZ745 2012
=100  1\$aLuz, Eduardo.
=245  12$aO quebra-nozes de Machado de Assis :$bcrítica e nacionalismo /$cEduardo Luz.
=260  \\$aFortaleza :$bEdições UFC,$c2012.
=300  \\$a243 p. ;$c21 cm.
=336  \\$atext$2rdacontent
=337  \\$aunmediated$2rdamedia
=338  \\$avolume$2rdacarrier
=504  \\$aIncludes bibliographical references (p. 229-243).
=600  10$aMachado de Assis,$d1839-1908$xCriticism and interpretation.
=650  \0$aNationalism in literature.
=852  41$aBritish Library$bHMNTS$jYF.2014.a.4059
=856  41$uhttp://core.cambeiro.com.ar/1-168574-0.pdf
=CAT  \\$a11002$b40$c20130724$lBLL01$h1053
=CAT  \\$aW2308-1659$c20230923$lBLL01$h1021
=FIN  \\$aY$d20130724
=FMT  \\$a  BK
=LAS  \\$aW2308-1659$b00$c20230923$lBLL01$h1021
=SID  \\$aZ39$bOCLC

