=LDR  01393 am a2200397 a 4500
=001  016474671
=003  Uk
=005  20150821113309.0
=008  130729s2012\\\\ag\a\\\\\b\\\\000\0dspa\d
=010  \\$a  2012516445
=020  \\$a9789872889401
=035  \\$a(AR-BaFGC)0-169750/0
=040  \\$aAR-BaFGC$cAR-BaFGC$dDLC$dUk
=042  \\$aukblcatcopy
=043  \\$as-ag---
=050  00$aPN2451$b.P75 2012
=245  04$aLos productores :$bhistorias de empresarios teatrales argentinos de todos los tiempos /$cCarlos Ulanovsky ...[et al.].
=250  \\$a1. ed.
=260  \\$aCABA [i.e. Ciudad Autónoma de Buenos Aires] :$bAsociación Argentina De Empresarios Teatrales,$c2012.
=300  \\$a246 pages :$billustrations ;$c26 cm
=336  \\$atext$2rdacontent
=337  \\$aunmediated$2rdamedia
=338  \\$avolume$2rdacarrier
=504  \\$aIncludes bibliographical references.
=650  \0$aTheatrical producers and directors$zArgentina$xHistory.
=650  \0$aTheater$zArgentina$xHistory.
=700  1\$aUlanovsky, Carlos.
=852  41$aBritish Library$bHMNTS$jYF.2015.b.1487
=856  41$uhttp://core.cambeiro.com.ar/0-169750-0.pdf
=CAT  \\$a6503$b40$c20130815$lBLL01$h1148
=CAT  \\$a5703$b40$c20150821$lBLL01$h1133
=CAT  \\$aWR14_128$c20160226$lBLL01$h1627
=FIN  \\$aY$d20150821
=FMT  \\$a  BK
=LAS  \\$aWR14_128$b00$c20160226$lBLL01$h1627
=SRC  \\$aBLL02

