=LDR  01559 am a22004217a 4500
=001  016484022
=003  Uk
=005  20150521150936.0
=008  130207s2012\\\\ag\a\\\\\b\\\\000\0\spa\d
=010  \\$a  2012519816
=020  \\$a9789871432936
=020  \\$a9871432933
=035  \\$a(AR-BaFGC)0-155159/6
=040  \\$aAR-BaFGC$cAR-BaFGC$dDLC$dUk
=042  \\$aukblcatcopy
=050  00$aP99.5$b.G69 2012
=100  1\$aGrosso, José Luis.
=245  10$aNo se sabe con qué pie se desmarcará otra vez :$bdiscursos de los cuerpos y semiopraxis popular-intercultural /$cJosé Luis Grosso.
=250  \\$a1o [sic] ed.
=260  \\$a[Argentina] :$bEncuentro Grupo Editor :$bUniversidad Nacional de Catamarca, Facultad de Humanidades,$cc2012.
=300  \\$a213 pages :$billustrations ;$c25 cm.
=336  \\$atext$2rdacontent
=337  \\$aunmediated$2rdamedia
=338  \\$avolume$2rdacarrier
=490  0\$aColección Con-textos humanitarios. Serie Inter/Cultura=memoria + patrimonio ;$v9
=504  \\$aIncludes bibliographical references (p. 195-211).
=650  \0$aBody language$xCross-cultural studies.
=650  \0$aSocial conflict.
=650  \0$aSoccer$xAnthropological aspects.
=852  41$aBritish Library$bHMNTS$jYF.2015.a.10173
=856  41$uhttp://core.cambeiro.com.ar/0-155159-6.pdf
=CAT  \\$a9518$b40$c20130828$lBLL01$h1059
=CAT  \\$a5703$b40$c20150521$lBLL01$h1509
=CAT  \\$aWR14_128$c20160226$lBLL01$h1627
=FIN  \\$aY$d20150521
=FMT  \\$a  BK
=LAS  \\$aWR14_128$b00$c20160226$lBLL01$h1627
=SRC  \\$aBLL02

