=LDR  01322cam a22003857i 4500
=001  016485063
=003  Uk
=005  20150521090124.0
=008  120529s2012\\\\ag\\\\\\\\\\\\000\1dspa\d
=010  \\$a  2012505725
=020  \\$a9789871747344
=020  \\$a9871747349
=035  \\$a(OCoLC)808600670$z(OCoLC)824502252
=040  \\$aAR-BaFGC$beng$cN15$dGZM$dDLC$dNYP$dOCLCQ$dUk$erda
=042  \\$aukblderived
=050  \4$aPQ7797.M735$bA6 2012
=100  1\$aMoyano, Daniel.
=240  10$aWorks.$kSelections.$f2012
=245  13$aEl trino del diablo y otras modulaciones /$cDaniel Moyano ; prólogo de Mario Benedetti.
=260  \\$a[Rosario, Argentina] :$bEditorial Fundación Ross :$bTropo Editores,$c©2012.
=300  \\$a232 pages ;$c23 cm
=336  \\$atext$btxt$2rdacontent
=337  \\$aunmediated$bn$2rdamedia
=338  \\$avolume$bnc$2rdacarrier
=655  \0$aArgentine literature.
=852  41$aBritish Library$bHMNTS$jYF.2015.a.10197
=856  41$uhttp://core.cambeiro.com.ar/0-166432-0.pdf
=CAT  \\$a9518$b40$c20130830$lBLL01$h1101
=CAT  \\$a11131$b40$c20150521$lBLL01$h0901
=CAT  \\$aBATCH-UPD$b40$c20180823$lBLL01$h2326
=CAT  \\$aW2308-1659$c20230923$lBLL01$h1022
=FIN  \\$aY$d20150521
=FMT  \\$a  BK
=LAS  \\$aW2308-1659$b00$c20230923$lBLL01$h1022
=SID  \\$aZ39$bOCLC

