=LDR  01692cam a2200469 i 4500
=001  016485100
=003  Uk
=005  20131127134527.0
=008  130326s2012\\\\ag\\\\\\\b\\\\000\0\spa\\
=010  \\$a  2013373141
=020  \\$a9789876910026
=020  \\$a9876910027
=040  \\$aDLC$beng$cDLC$dDLC$dUk$erda
=042  \\$aukblcatcopy
=043  \\$anwcu---$anwpr---
=050  00$aMLCS 2013/43064 (PQ)
=245  00$aÍnsulas y poéticas :$bfiguras literarias en el Caribe /$cGraciela Salto, editora.
=246  30$aFiguras literarias en el Caribe
=250  \\$aPremira edición.
=264  \1$aBuenos Aires :$bEditorial Biblos,$c[2012]
=300  \\$a235 pages ;$c20 cm.
=336  \\$atext$2rdacontent
=337  \\$aunmediated$2rdamedia
=338  \\$avolume$2rdacarrier
=490  1\$aInvestigaciones y ensayos
=504  \\$aIncludes bibliographical references.
=650  \0$aCuban literature$xHistory and criticism$y20th century.
=650  \0$aCuban literature$xHistory and criticism$y21st century.
=650  \0$aPuerto Rican literature$xHistory and criticism$y20th century.
=650  \0$aPuerto Rican literature$xHistory and criticism$y21st century.
=700  1\$aSalto, Graciela Nélida.
=830  \0$aInvestigaciones y ensayos (Editorial Biblos)
=852  41$aBritish Library$bHMNTS$jYF.2013.a.24425
=856  41$uhttp://core.cambeiro.com.ar/0-155719-36.pdf
=CAT  \\$a9518$b40$c20130830$lBLL01$h1148
=CAT  \\$a5703$b40$c20131127$lBLL01$h1345
=CAT  \\$aW2308-1659$c20230923$lBLL01$h1022
=CAT  \\$aBATCH-UPD$b00$c20230925$lBLL01$h0635
=FIN  \\$aY$d20131127
=FMT  \\$a  BK
=LAS  \\$aBATCH-UPD$b00$c20230925$lBLL01$h0635
=SRC  \\$aBLL02

