=LDR  01516 am a2200421 a 4500
=001  016485232
=003  Uk
=005  20141201111523.0
=008  120228s2011\\\\ag\\\\\\\b\\\\000\0\spa\d
=010  \\$a  2012377067
=020  \\$a9789871292905
=035  \\$a(AR-BaFGC)0-165554/0
=040  \\$aAR-BaFGC$cAR-BaFGC$dDLC$dUk
=042  \\$aukblderived
=043  \\$as-ag---
=050  00$aHD9743.A74$bF336 2011
=100  1\$aMenichetti, Fabián,$d1967-
=245  10$aEsquirlas de noviembre :$bcuando Río Tercero fue bombardeado desde las sombras de la corrupción /$cFabián Menichetti.
=250  \\$a1. ed.
=260  \\$aCórdoba, Argentina :$bCasa de las Tejas Editora,$cc2011.
=300  \\$a417 p. ;$c21 cm
=336  \\$atext$2rdacontent
=337  \\$aunmediated$2rdamedia
=338  \\$avolume$2rdacarrier
=504  \\$aIncludes bibliographical references (p. 413-417).
=610  20$aFábrica Militar Río Tercero$xExplosion, 1995.
=650  \0$aWeapons industry$xAccidents$zArgentina$zRío Tercero.
=650  \0$aPolitical corruption$zArgentina$xHistory$y20th century.
=651  \0$aArgentina$xPolitics and government$y1983-2002.
=852  41$aBritish Library$bHMNTS$jYF.2014.a.26546
=856  41$uhttp://core.cambeiro.com.ar/0-165554-0.pdf
=CAT  \\$a6503$b40$c20130830$lBLL01$h1445
=CAT  \\$a10904$b40$c20141201$lBLL01$h1115
=CAT  \\$aWR14_128$c20160226$lBLL01$h1627
=FIN  \\$aY$d20141201
=FMT  \\$a  BK
=LAS  \\$aWR14_128$b00$c20160226$lBLL01$h1627
=SRC  \\$aBLL02

