=LDR  01570cam a2200433 i 4500
=001  016487452
=003  Uk
=005  20131127111401.0
=008  120808s2012\\\\ag\a\\\\\b\\\\000\0\spa\d
=020  \\$a9789507869990
=020  \\$a9507869999
=035  \\$a(OCoLC)811124237
=040  \\$aAR-BaFGC$beng$cN15$dKKU$dGZM$dOCLCQ$dUk$erda
=042  \\$aukblderived
=043  \\$as-ag---
=100  1\$aFernández, María Inés.
=245  10$aMujeres en la industria textil :$bde la fábrica al taller clandestino /$cMaría Inés Fernández, Lilian Legnazzi.
=250  \\$aPrimera edición.
=264  \1$aBuenos Aires :$bEditorial Biblos,$c[2012]
=300  \\$a320 pages :$billustrations ;$c20 cm.
=336  \\$atext$btxt$2rdacontent
=337  \\$aunmediated$bn$2rdamedia
=338  \\$avolume$bnc$2rdacarrier
=490  1\$aInvestigaciones y ensayos
=504  \\$aIncludes bibliographical references (pages 295-320).
=650  \0$aWomen textile workers$zArgentina$xHistory.
=650  \0$aWomen textile workers$zArgentina$xSocial conditions.
=700  1\$aLegnazzi, Lilian.
=830  \0$aInvestigaciones y ensayos (Editorial Biblos)
=852  41$aBritish Library$bHMNTS$jYF.2013.a.24416
=856  41$uhttp://core.cambeiro.com.ar/0-155719-37.pdf
=CAT  \\$a6503$b40$c20130902$lBLL01$h0938
=CAT  \\$a5703$b40$c20131127$lBLL01$h1114
=CAT  \\$aBATCH-UPD$b40$c20180103$lBLL01$h1724
=CAT  \\$aW2308-1659$c20230923$lBLL01$h1022
=FIN  \\$aY$d20131127
=FMT  \\$a  BK
=LAS  \\$aW2308-1659$b00$c20230923$lBLL01$h1022
=SID  \\$aZ39$bOCLC

