=LDR  01664 am a22004817a 4500
=001  016487462
=003  Uk
=005  20170615132332.0
=008  130103s2012\\\\ag\a\\\\\b\\\\000\0\spa\d
=010  \\$a  2012519756
=020  \\$a9789506210267
=035  \\$a(AR-BaFGC)0-167880/0
=040  \\$aAR-BaFGC$cAR-BaFGC$dDLC$dUk
=042  \\$aukblderived
=043  \\$as-ag---
=050  00$aJL2054$b.M87 2012
=100  10$aMustapic, Ana María.
=245  14$aLos legisladores en el Congreso Argentino :$bprácticas y estrategias /$cAna María Mustapic, Alejandro Bonvecchi, Javier Zelaznik.
=250  \\$a1a ed.
=260  \\$aBuenos Aires :$bInstituto Torcuato Di Tella,$c2012.
=300  \\$a251 p. :$bill. ;$c23 cm.
=336  \\$atext$2rdacontent
=337  \\$aunmediated$2rdamedia
=338  \\$avolume$2rdacarrier
=504  \\$aIncludes bibliographical references.
=610  10$aArgentina.$bCongreso de la Nación.
=650  \0$aParliamentary practice$zArgentina$xHistory.
=650  \0$aPolitical parties$zArgentina.
=651  \0$aArgentina$xPolitics and government$y1945-
=700  1\$aBonvecchi, Alejandro.
=700  1\$aZelaznik, Javier.
=852  41$aBritish Library$bHMNTS$jYF.2015.a.7680
=856  41$uhttp://core.cambeiro.com.ar/0-167880-0.pdf
=CAT  \\$a6503$b40$c20130902$lBLL01$h0948
=CAT  \\$a6503$b40$c20130902$lBLL01$h0956
=CAT  \\$a11002$b40$c20150416$lBLL01$h1410
=CAT  \\$aWR14_128$c20160226$lBLL01$h1627
=CAT  \\$a10804$b40$c20170615$lBLL01$h1322
=CAT  \\$a10804$b40$c20170615$lBLL01$h1323
=FIN  \\$aY$d20150416
=FMT  \\$a  BK
=LAS  \\$a10804$b40$c20170615$lBLL01$h1323
=SRC  \\$aBLL02

