=LDR  01205 am a2200385 a 4500
=001  016487491
=003  Uk
=005  20150416143121.0
=008  121030s2012\\\\ag\\\\\\\b\\\\000\0\spa\d
=010  \\$a  2012519678
=020  \\$a9789500740418
=035  \\$a(AR-BaFGC)0-101003/76
=040  \\$aAR-BaFGC$cAR-BaFGC$dDLC$dUk
=042  \\$aukblderived
=050  00$aJA71$b.S327 2012
=100  1\$aSebreli, Juan José.
=245  13$aEl malestar de la política /$cJuan José Sebreli.
=260  \\$aBuenos Aires :$bSudamericana,$c[2012]
=300  \\$a510 p. ;$c23 cm.
=336  \\$atext$2rdacontent
=337  \\$aunmediated$2rdamedia
=338  \\$avolume$2rdacarrier
=504  \\$aIncludes bibliographical references (p. 449-505).
=650  \0$aPolitical science.
=650  \0$aIdeology.
=852  41$aBritish Library$bHMNTS$jYF.2015.a.7705
=856  41$uhttp://core.cambeiro.com.ar/0-101003-76.pdf
=CAT  \\$a6503$b40$c20130902$lBLL01$h1048
=CAT  \\$a11002$b40$c20150416$lBLL01$h1428
=CAT  \\$a11002$b40$c20150416$lBLL01$h1431
=CAT  \\$aWR14_128$c20160226$lBLL01$h1627
=FIN  \\$aY$d20150416
=FMT  \\$a  BK
=LAS  \\$aWR14_128$b00$c20160226$lBLL01$h1627
=SRC  \\$aBLL02

