=LDR  02002cam a2200505 i 4500
=001  016487525
=003  Uk
=005  20131127113634.0
=008  120815s2012\\\\ag\\\\\\\b\\\\000\0\spa\d
=020  \\$a9789872429577
=020  \\$a987242957X
=035  \\$a(OCoLC)813226778
=040  \\$aAR-BaFGC$beng$cN15$dOCLCQ$dKKU$dPIT$dCGU$dUk$erda
=042  \\$aukblderived
=043  \\$as-ag---
=050  \4$aF2849.2$b.A53 2012
=245  00$aANCLA :$bRodolfo Walsh y la Agencia de Noticias Clandestina : 1976-1977 /$cCacho Lotersztain, Sergio Bufano, compiladores ; colaboraron en esta edición, CeDinCi, Carlos Aznares, Lucila Pagliai, Lila Pastoriza, Martín Ribadero.
=264  \1$aBuenos Aires :$bEjercitar la memoria editores,$c2012.
=300  \\$a225 pages ;$c22 cm.
=336  \\$atext$btxt$2rdacontent
=337  \\$aunmediated$bn$2rdamedia
=338  \\$avolume$bnc$2rdacarrier
=490  1\$aHistoria
=500  \\$a"Recopilación de los cables de la Agencia de Noticias Clandestina 1976-1977."
=504  \\$aIncludes bibliographical references.
=600  10$aWalsh, Rodolfo J.
=610  20$aANCLA.
=651  \0$aArgentina$xHistory$yCoup d'état, 1976$xPress coverage$zArgentina.
=651  \0$aArgentina$xPolitics and government$y1955-1983$vSources.
=700  1\$aLotersztain, Israel.
=700  1\$aBufano, Sergio,$d1943-
=710  2\$aCentro de Documentación e Investigación de la Cultura de Izquierdas en la Argentina.
=710  2\$aANCLA.
=830  \0$aHistoria (Ejercitar La Memoria Editores)
=852  41$aBritish Library$bHMNTS$jYF.2013.a.24191
=856  41$uhttp://core.cambeiro.com.ar/0-166910-1.pdf
=CAT  \\$a6503$b40$c20130902$lBLL01$h1135
=CAT  \\$a5703$b40$c20131127$lBLL01$h1136
=CAT  \\$aBATCH-UPD$b40$c20171220$lBLL01$h2021
=CAT  \\$aBATCH-UPD$b40$c20220701$lBLL01$h2144
=CAT  \\$aW2308-1659$c20230923$lBLL01$h1022
=FIN  \\$aY$d20131127
=FMT  \\$a  BK
=LAS  \\$aW2308-1659$b00$c20230923$lBLL01$h1022
=SID  \\$aZ39$bOCLC

