=LDR  01409 am a2200409 a 4500
=001  016518006
=003  Uk
=005  20150820161138.0
=008  130307s2011\\\\ag\\\\\\\b\\\\000\0cspa\d
=010  \\$a  2012519929
=020  \\$a9789879940952
=035  \\$a(AR-BaFGC)0-169064/0
=040  \\$aAR-BaFGC$cAR-BaFGC$dDLC$dUk
=042  \\$aukblcatcopy
=043  \\$as-ag---
=050  00$aF2845$b.C65 2012
=100  1\$aColimodio, Roberto A.,$d1965-
=245  10$aSoldados de San Martín en San Lorenzo :$bhechos y aspectos inéditos /$cRoberto Alfredo Colimodio.
=260  \\$aBuenos Aires :$bAlfar editora,$cc2011$g(2012 printing)
=300  \\$a438 pages ;$c24 cm
=336  \\$atext$2rdacontent
=337  \\$aunmediated$2rdamedia
=338  \\$avolume$2rdacarrier
=504  \\$aIncludes bibliographical references (p. [431]-436).
=650  \0$aSan Lorenzo, Battle of, Argentina, 1813.
=650  \0$aSoldiers$zArgentina$vBiography.
=651  \0$aArgentina$xHistory$yWar of Independence, 1806-1817.
=700  1\$aRomay, Julio A.,$d1967-
=852  41$aBritish Library$bHMNTS$jYF.2015.a.16986
=856  41$uhttp://core.cambeiro.com.ar/0-169064-0.pdf
=CAT  \\$a11131$b40$c20131011$lBLL01$h1105
=CAT  \\$a5703$b40$c20150820$lBLL01$h1611
=CAT  \\$aWR14_128$c20160226$lBLL01$h1627
=FIN  \\$aY$d20150820
=FMT  \\$a  BK
=LAS  \\$aWR14_128$b00$c20160226$lBLL01$h1627
=SRC  \\$aBLL02

