=LDR  02317cam a2200553 i 4500
=001  016518060
=003  Uk
=005  20170310143054.0
=008  130911s2013\\\\ag\a\\\\\b\\\\000\0\spa\d
=010  \\$a  2012516396
=020  \\$a9789876293303
=020  \\$a9876293303
=035  \\$a(OCoLC)865497590
=040  \\$aAR-BaFGC$beng$cDLC$dEYM$dCGU$dIQU$dIXA$dOCLCO$dOCLCF$dOCL$dCUT$dOCL$dOCLCQ$dOCLCO$dOCL$dUk
=042  \\$aukblderived
=043  \\$as-ag---
=050  00$aF2849.2$b.L474 2013
=100  1\$aLevín, Florencia.
=245  10$aHumor político en tiempos de represión :$bClarín, 1973-1983 /$cFlorencia Levin.
=260  \\$aBuenos Aires :$bSiglo Veintiuno Editores,$c©2013.
=300  \\$a317 p. :$bills. ;$c21 cm.
=336  \\$atext$btxt$2rdacontent
=337  \\$aunmediated$bn$2rdamedia
=338  \\$avolume$bnc$2rdacarrier
=490  1\$aSociología y política
=504  \\$aIncludes bibliographical references (p. 309-317).
=505  0\$aHumor y politización -- Último acto -- El humor reprimido -- Sobre el miedo y el terror -- El humor y la guerra -- El humor en tránsito.
=630  00$aClarín (Buenos Aires, Argentina)
=630  07$aClarín (Buenos Aires, Argentina)$2fast$0(OCoLC)fst01360473
=648  \7$a1955-1983$2fast
=650  \0$aArgentine wit and humor, Pictorial$xHistory and criticism.
=650  \7$aArgentine wit and humor, Pictorial.$2fast$0(OCoLC)fst00814301
=650  \7$aPolitics and government.$2fast$0(OCoLC)fst01919741
=651  \0$aArgentina$xPolitics and government$y1955-1983$vCaricatures and cartoons.
=651  \7$aArgentina.$2fast$0(OCoLC)fst01205614
=655  \7$aCaricatures and cartoons.$2fast$0(OCoLC)fst01423691
=655  \7$aCriticism, interpretation, etc.$2fast$0(OCoLC)fst01411635
=830  \0$aSociología y política (Siglo Veintiuno Editores)
=852  41$aBritish Library$bHMNTS$jYF.2017.a.6383
=856  41$uhttp://core.cambeiro.com.ar/0-104313-43.pdf
=CAT  \\$a11131$b40$c20131011$lBLL01$h1151
=CAT  \\$aBATCH-UPD$b40$c20131011$lBLL01$h1151
=CAT  \\$aFIX-001$c20151007$lBLL01$h1808
=CAT  \\$a11131$b40$c20170310$lBLL01$h1430
=CAT  \\$aBATCH-UPD$b40$c20230716$lBLL01$h2247
=FIN  \\$aY$d20170310
=FMT  \\$a  BK
=LAS  \\$aBATCH-UPD$b40$c20230716$lBLL01$h2247
=SID  \\$aZ39$bOCLC

