=LDR  01562 am a2200457 i 4500
=001  016522006
=003  Uk
=005  20170313075013.0
=008  121109s2012\\\\ag\\\\\\\b\\\\001\0\spa\d
=010  \\$a  2012519713
=020  \\$a9789870259503
=020  \\$a9870259502
=035  \\$a(OCoLC)842155474
=040  \\$aAR-BaFGC$beng$cDLC$dLRU$dOCLCF$dOCLCQ$dUk$erda
=042  \\$aukblderived
=043  \\$as-ag---
=050  00$aF2848$b.F76 2012
=100  1\$aFrontera, Carlos Guillermo.
=245  10$a6 de Septiembre :$bla revolución frustrada /$cCarlos Guillermo Frontera.
=246  30$aSeis de septiembre
=260  \\$aBuenos Aires :$bEditorial Dunken,$c2012.
=300  \\$a413 pages ;$c23 cm
=336  \\$atext$btxt$2rdacontent
=337  \\$aunmediated$bn$2rdamedia
=338  \\$avolume$bnc$2rdacarrier
=504  \\$aIncludes bibliographical references (pages 393-396) and index.
=611  27$aRevolution (Argentina : 1930)$2fast$0(OCoLC)fst01354466
=648  \7$a1930$2fast
=651  \0$aArgentina$xHistory$yRevolution, 1930.
=651  \7$aArgentina.$2fast$0(OCoLC)fst01205614
=655  \7$aHistory.$2fast$0(OCoLC)fst01411628
=852  41$aBritish Library$bHMNTS$jYF.2017.a.6451
=856  41$uhttp://core.cambeiro.com.ar/0-167329-0.pdf
=CAT  \\$a6503$b40$c20131016$lBLL01$h0851
=CAT  \\$aBATCH-UPD$b40$c20131016$lBLL01$h0852
=CAT  \\$aFIX-001$c20151007$lBLL01$h1808
=CAT  \\$a11131$b40$c20170313$lBLL01$h0750
=FIN  \\$aY$d20170313
=FMT  \\$a  BK
=LAS  \\$a11131$b40$c20170313$lBLL01$h0750
=SID  \\$aZ39$bOCLC

