=LDR  01492cam a2200421 i 4500
=001  016587499
=003  Uk
=005  20160213080551.0
=008  130128s2012\\\\ag\\\\\\\b\\\f000\0dspa\d
=010  \\$a  2012519567
=020  \\$a9789871741427
=035  \\$a(AR-BaFGC)0-156085/16
=040  \\$aAR-BaFGC$cAR-BaFGC$dDLC$dUk
=042  \\$aukblcatcopy
=043  \\$as-ag---
=050  00$aHV9585.B82$bM46 2012
=100  1\$aMendoza, Angélica.
=245  10$aCárcel de mujeres /$cAngélica Mendoza ; estudio preliminar de Luz Azcona.
=260  \\$aCiudad Autónoma de Buenos Aires :$bEdiciones Biblioteca Nacional,$c2012.
=300  \\$a136 p. ;$c21 cm.
=490  0\$aColección Los raros ;$vno. 42
=500  \\$a1st ed.: Buenos Aires : Claridad, 1933. With new preliminary study.
=504  \\$aIncludes bibliographical references.
=610  20$aAsilo del Buen Pastor (Buenos Aires, Argentina)
=650  \0$aReformatories for women$zArgentina.
=650  \0$aCommunism and society.
=700  1\$aAzcona, Luz.
=852  41$aBritish Library$bHMNTS$jYF.2016.a.4664
=856  41$uhttp://core.cambeiro.com.ar/0-156085-16.pdf
=CAT  \\$a5181$b40$c20131220$lBLL01$h1531
=CAT  \\$aBATCH-UPD$b40$c20150304$lBLL01$h2019
=CAT  \\$aBATCH-UPD$b40$c20150928$lBLL01$h2057
=CAT  \\$a11002$b40$c20160213$lBLL01$h0805
=CAT  \\$aW2308-1659$c20230923$lBLL01$h1023
=FIN  \\$aY$d20160213
=FMT  \\$a  BK
=LAS  \\$aW2308-1659$b00$c20230923$lBLL01$h1023
=SRC  \\$aBLL02

