=LDR  01591 am a22004097a 4500
=001  016696653
=003  Uk
=005  20160109111913.0
=008  120719s2011\\\\ag\a\\\\\b\\\\001\0\spa\d
=010  \\$a  2012377893
=020  \\$a9789871785438
=035  \\$a(AR-BaFGC)0-156490/10
=040  \\$aAR-BaFGC$cAR-BaFGC$dDLC$dUk
=042  \\$aukblcatcopy
=050  00$aPQ6413.M74$bR633 2011
=100  1\$aTieffemberg, Silvia.
=245  13$aEl romance de Luis de Miranda /$cSilvia Tieffemberg, edición, edición facsimilar, prólogo y notas.
=260  \\$aCiudad Autónoma de Buenos Aires :$bEditorial de la Facultad de Filosofía y Letras, Universidad de Buenos Aires,$cc2011.
=300  \\$a115 p. :$bill. ;$c20 cm.
=336  \\$atext$2rdacontent
=337  \\$aunmediated$2rdamedia
=338  \\$avolume$2rdacarrier
=490  0\$aLibros de cátedra
=500  \\$a"Cátedra de Literatura Latinoamericana I B".
=504  \\$aIncludes bibliographical references (p. 27-37) and index.
=600  10$aMiranda, Luis de$q(Miranda de Villafaña),$dactive 16th century.$tRomance.
=700  12$aMiranda, Luis de$q(Miranda de Villafaña),$dactive 16th century.$tRomance.$f2012.
=852  41$aBritish Library$bHMNTS$jYF.2016.a.632
=856  41$uhttp://core.cambeiro.com.ar/0-156490-10.pdf
=CAT  \\$a8157$b40$c20140428$lBLL01$h1632
=CAT  \\$a10904$b40$c20141201$lBLL01$h0819
=CAT  \\$a11002$b40$c20160109$lBLL01$h1119
=CAT  \\$aWR14_128$c20160226$lBLL01$h1628
=FIN  \\$aY$d20160109
=FMT  \\$a  BK
=LAS  \\$aWR14_128$b00$c20160226$lBLL01$h1628
=SRC  \\$aBLL02

