=LDR  01297cam a22003857a 4500
=001  016706114
=003  Uk
=005  20160824105738.0
=008  120724s2012\\\\ag\a\\\\\b\\\\000\1\spa\d
=010  \\$a  2012503732
=020  \\$a9789505565764
=020  \\$a9505565763
=035  \\$a(OCoLC)812454981
=040  \\$aAR-BaFGC$beng$cN15$dOCLCO$dI5B$dOCLCO$dDLC$dOCLCO$dUk
=042  \\$aukblderived
=050  \4$aPQ7798.426.U34$bI57 2012
=100  1\$aPuiggrós, Adriana.
=245  13$aEl inspector Ratier y los maestros de tierra adentro :$bnovela biográfica /$cAdriana Puiggrós.
=260  \\$a[Buenos Aires?] :$bGalerna,$cc2012.
=300  \\$a250 p. :$bill. ;$c22 cm.
=336  \\$atext$2rdacontent
=337  \\$aunmediated$2rdamedia
=338  \\$avolume$2rdacarrier
=504  \\$aIncludes bibliographical references.
=600  10$aRatier, Horacio,$d1901-1981$vFiction.
=650  \0$aTeachers$zArgentina$vFiction.
=852  41$aBritish Library$bHMNTS$jYF.2016.a.18999
=856  41$uhttp://core.cambeiro.com.ar/0-166766-0.pdf
=CAT  \\$a8157$b40$c20140502$lBLL01$h1509
=CAT  \\$a11002$b40$c20160824$lBLL01$h1057
=CAT  \\$aW2308-1659$c20230923$lBLL01$h1025
=FIN  \\$aY$d20160824
=FMT  \\$a  BK
=LAS  \\$aW2308-1659$b00$c20230923$lBLL01$h1025
=SID  \\$aZ39$bOCLC

