=LDR  01408 am a2200421 i 4500
=001  016710152
=003  Uk
=005  20151219072633.0
=008  141024s2014\\\\ag\\\\\\\b\\\\000\0\spa\d
=010  \\$a  2014510065
=020  \\$a9789501204049
=035  \\$a(AR-BaFGC)0-175922/1
=040  \\$aAR-BaFGC$beng$cAR-BaFGC$dDLC$dUk$erda
=042  \\$aukblcatcopy
=043  \\$alsfk---$as-ag---$ae-uk---
=050  00$aF3031$b.L676 2014
=100  1\$aLorenz, Federico G.,$d1970-$eauthor.
=245  10$aTodo lo que necesitás saber sobre Malvinas /$cFederico Lorenz.
=264  \1$aBuenos Aires :$bPaidós,$c[2014]
=300  \\$a208 pages ;$c23 cm.
=336  \\$atext$2rdacontent
=337  \\$aunmediated$2rdamedia
=338  \\$avolume$2rdacarrier
=490  0\$aTodo saber
=504  \\$aIncludes bibliographical references (pages 207-208).
=650  \0$aFalkland Islands War, 1982.
=651  \0$aFalkland Islands$xHistory.
=651  \0$aArgentina$xForeign relations$zGreat Britain.
=651  \0$aGreat Britain$xForeign relations$zArgentina.
=852  41$aBritish Library$bHMNTS$jYF.2015.a.26523
=856  41$uhttp://core.cambeiro.com.ar/0-175922-1.pdf
=CAT  \\$a9701$b40$c20140507$lBLL01$h1052
=CAT  \\$aFIX-001$c20151007$lBLL01$h1810
=CAT  \\$a11002$b40$c20151219$lBLL01$h0726
=FIN  \\$aY$d20151219
=FMT  \\$a  BK
=LAS  \\$a11002$b40$c20151219$lBLL01$h0726
=SRC  \\$aBLL02

