=LDR  02213 am a2200529 i 4500
=001  016737438
=003  Uk
=005  20170509120547.0
=008  131114s2010\\\\bl\a\\\\\b\\\\100\0\por\\
=010  \\$a  2013432316
=020  \\$a9788573159875
=020  \\$a8573159871
=020  \\$z8573159871
=035  \\$a(OCoLC)819533698
=040  \\$aDLC$beng$cDLC$dN15$dIXA$dOCLCF$dCHVBK$dOCLCO$dUk$erda
=042  \\$aukblderived
=043  \\$as-bl---
=050  \4$aPQ9697.M4$bZ7 2010
=111  2\$aColóquio Cecília Meireles.
=245  10$aCecília Meireles e outras vozes :$bensaios e comunicações /$cColóquio Cecília Meireles ; Esman Dlas (org.).
=264  \1$aRecife :$bInstituto Cervantes :$bEditora Universitária UFPE :$bPró-Reitoria de Extensão, Universidade Federal de Pernambuco,$c2010.
=300  \\$a246 pages :$billustrations (some color) ;$c23 cm
=336  \\$atext$btxt$2rdacontent
=337  \\$aunmediated$bn$2rdamedia
=338  \\$avolume$bnc$2rdacarrier
=500  \\$a"Núcleo de Estudos da Criaç̧ã̃o Poética, Departamento de Letras - UFPE, Centro de Artes e Comunicação, Universidade Federal de Pernambuco."
=504  \\$aIncludes bibliographical references.
=600  10$aMeireles, Cecília,$d1901-1964$xCriticism and interpretation$vCongresses.
=600  17$aMeireles, Cecília,$d1901-1964$2fast$0(OCoLC)fst00016251
=600  17$aMeireles, Cecília,$d1901-1964$2gnd
=648  \7$a1900-1999$2fast
=650  \0$aBrazilian literature$y20th century$xHistory and criticism$vCongresses.
=650  \7$aBrazilian literature.$2fast$0(OCoLC)fst00838112
=650  \7$aLiteratur.$2gnd
=651  \7$aBrasil.$2gnd
=655  \7$aConference papers and proceedings.$2fast$0(OCoLC)fst01423772
=655  \7$aCriticism, interpretation, etc.$2fast$0(OCoLC)fst01411635
=700  1\$aDias, Esman.
=852  41$aBritish Library$bHMNTS$jYF.2017.a.12364
=856  41$uhttp://core.cambeiro.com.ar/1-166244-0.pdf
=CAT  \\$a5703$b40$c20140609$lBLL01$h1018
=CAT  \\$aFIX-001$c20151007$lBLL01$h1810
=CAT  \\$a11131$b40$c20170509$lBLL01$h1205
=FIN  \\$aY$d20170509
=FMT  \\$a  BK
=LAS  \\$a11131$b40$c20170509$lBLL01$h1205
=SID  \\$aZ39$bOCLC

