=LDR  01541 am a22004097i 4500
=001  016739398
=003  Uk
=005  20160206071539.0
=008  150114s2014\\\\ag\af\\\\\\\\\000\0dspa\d
=010  \\$a  2014510435
=020  \\$a9789873347689
=035  \\$a(AR-BaFGC)0-170781/0
=040  \\$aAR-BaFGC$beng$cAR-BaFGC$dDLC$dUk$erda
=042  \\$aukblderived
=043  \\$alsfk---$as-ag---
=050  00$aF3031.5$b.T36 2013
=100  1\$aTamaño, Gustavo Adolfo,$eauthor.
=245  13$aEl sabor de la derrota :$bde los Andes a las Malvinas /$cGustavo Adolfo Tamaño.
=264  \1$aBuenos Aires, Argentina :$bEdiciones Patagonia Trekking,$c[2014]
=300  \\$a248 pages, 8 unnumbered pages of plates :$billustrations (chiefly color) ;$c23 cm
=336  \\$atext$2rdacontent
=337  \\$aunmediated$2rdamedia
=338  \\$avolume$2rdacarrier
=600  10$aTamaño, Gustavo Adolfo.
=610  10$aArgentina.$bEjército.$bDestacamento de Exploración de Caballería Blindada 181$xHistory.
=650  \0$aFalkland Islands War, 1982$vPersonal narratives, Argentine.
=650  \0$aFalkland Islands War, 1982$xTank warfare.
=852  41$aBritish Library$bHMNTS$jYF.2016.a.3996
=856  41$uhttp://core.cambeiro.com.ar/0-170781-0.pdf
=CAT  \\$a9518$b40$c20140611$lBLL01$h1342
=CAT  \\$aFIX-001$c20151007$lBLL01$h1810
=CAT  \\$aBATCH-UPD$b00$c20151024$lBLL01$h1708
=CAT  \\$a10904$b40$c20160206$lBLL01$h0715
=FIN  \\$aY$d20160206
=FMT  \\$a  BK
=LAS  \\$a10904$b40$c20160206$lBLL01$h0715
=SRC  \\$aBLL02

