=LDR  01339cam a22003857i 4500
=001  016748878
=003  Uk
=005  20160130082555.0
=008  140128s2013\\\\ag\\\\\\\b\\\\001\0dspa\d
=010  \\$a  2012516416
=020  \\$a9789500520904
=035  \\$a(AR-BaFGC)0-122116/48
=040  \\$aAR-BaFGC$cAR-BaFGC$dDLC$dUk$erda
=042  \\$aukblcatcopy
=050  00$aPQ7797.G6$bZ86 2013
=100  1\$aSaenz-Roby, María Cecilia,$eauthor.
=245  13$aEl irreverente discurso fundacional de Juana Manuela Gorriti /$cMaría Cecilia Saenz-Roby.
=264  \1$aBs. As. :$bCorregidor,$c[2013]
=300  \\$a217 pages ;$c20 cm.
=336  \\$atext$2rdacontent
=337  \\$aunmediated$2rdamedia
=338  \\$avolume$2rdacarrier
=490  0\$aNueva crítica hispanoamericana
=504  \\$aIncludes bibliographical references and index.
=600  10$aGorriti, Juana Manuela,$d1816-1892$xCriticism and interpretation.
=852  41$aBritish Library$bHMNTS$jYF.2016.a.2876
=856  41$uhttp://core.cambeiro.com.ar/0-122116-48.pdf
=CAT  \\$a5181$b40$c20140626$lBLL01$h1139
=CAT  \\$aBATCH-UPD$b40$c20150429$lBLL01$h2019
=CAT  \\$a11002$b40$c20160130$lBLL01$h0825
=CAT  \\$aW2308-1659$c20230923$lBLL01$h1025
=FIN  \\$aY$d20160130
=FMT  \\$a  BK
=LAS  \\$aW2308-1659$b00$c20230923$lBLL01$h1025
=SRC  \\$aBLL02

