=LDR  01651cam a2200445 i 4500
=001  016748909
=003  Uk
=005  20160331141810.0
=008  140624s2013\\\\ag\a\\\\\b\\\\000\0\spa\d
=010  \\$a  2012516370
=020  \\$a9789500520898 (paperback)
=035  \\$a(AR-BaFGC)0-122116/49
=040  \\$aAR-BaFGC$cAR-BaFGC$dDLC$dUk$erda
=042  \\$aukblsr
=043  \\$acl-----
=050  00$aPQ7082.P76$bM66 2013
=100  1\$aMontes, Alicia S.,$eauthor.
=245  10$aPolíticas y estéticas de representación de la experiencia urbana en la crónica contemporánea /$cAlicia S. Montes.
=264  \1$aBs. As. :$bCorregidor,$c[2013]
=300  \\$a472 pages :$billustration (black and white) ;$c20 cm.
=336  \\$atext$2rdacontent
=337  \\$aunmediated$2rdamedia
=338  \\$avolume$2rdacarrier
=490  0\$aNueva crítica hispanoamericana
=500  \\$aPlace of publication: Buenos Aires.
=504  \\$aIncludes bibliographical references (pages 455-472).
=650  \0$aLatin American prose literature$y21st century$xHistory and criticism.
=650  \0$aLatin American prose literature$y20th century$xHistory and criticism.
=650  \0$aCity and town life in literature.
=852  41$aBritish Library$bHMNTS$jYF.2016.a.8230
=856  41$uhttp://core.cambeiro.com.ar/0-122116-49.pdf
=CAT  \\$a5181$b40$c20140626$lBLL01$h1203
=CAT  \\$aBATCH-UPD$b40$c20151202$lBLL01$h0826
=CAT  \\$a11342$b40$c20160331$lBLL01$h1418
=CAT  \\$aW2308-1659$c20230923$lBLL01$h1025
=FIN  \\$aY$d20160331
=FMT  \\$a  BK
=LAS  \\$aW2308-1659$b00$c20230923$lBLL01$h1025
=SID  \\$aZ39$bOCLC
=SRC  \\$aBLL02

