=LDR  01433cam a22004097i 4500
=001  016765330
=003  Uk
=005  20140820112322.0
=008  131008s2013\\\\ag\a\\\\\b\\\\000\0bspa\d
=010  \\$a  2012516279
=020  \\$a9789500435444
=035  \\$a(AR-BaFGC)0-170889/0
=040  \\$aAR-BaFGC$cAR-BaFGC$dDLC$dUk$erda
=042  \\$aukblderived
=050  00$aPQ7797.B635$bZ731519 2013
=100  1\$aHelft, Nicolás,$eauthor.
=245  10$aBorges :$bpostales de una biografía /$cNicolás Helft ; diseño, Sergio Manela.
=264  \1$aC.A.B.A. :$bEmecé,$c[2013]
=300  \\$a168 pages :$billustrations, chiefly colored ;$c20 x 29 cm
=336  \\$atext$2rdacontent
=337  \\$aunmediated$2rdamedia
=338  \\$avolume$2rdacarrier
=500  \\$aPublished in Buenos Aires.
=504  \\$aIncludes bibliographical references (pages 152-168).
=600  10$aBorges, Jorge Luis,$d1899-1986.
=650  \0$aAuthors, Argentine$y20th century$vBiography.
=700  1\$aManela, Sergio,$ebook designer.
=852  41$aBritish Library$bHMNTS$jLF.31.a.4722
=856  41$uhttp://core.cambeiro.com.ar/0-170889-0.pdf
=CAT  \\$a6503$b40$c20140703$lBLL01$h1104
=CAT  \\$a11002$b40$c20140820$lBLL01$h1123
=CAT  \\$aBATCH-UPD$b40$c20160229$lBLL01$h2113
=CAT  \\$aW2308-1659$c20230923$lBLL01$h1025
=FIN  \\$aY$d20140820
=FMT  \\$a  BK
=LAS  \\$aW2308-1659$b00$c20230923$lBLL01$h1025
=SRC  \\$aBLL02

