=LDR  01651cam a22004217i 4500
=001  016765447
=003  Uk
=005  20141201085047.0
=008  131011s2013\\\\ag\a\\\\\b\\\\000\0\spa\d
=010  \\$a  2012516268
=020  \\$a9789871650491
=035  \\$a(AR-BaFGC)0-162812/6
=040  \\$aAR-BaFGC$cAR-BaFGC$dDLC$dUk$erda
=042  \\$aukblderived
=043  \\$as-ag---
=050  00$aHV9584.B8$bB73 2013
=100  1\$aBrardinelli, Rodolfo Luis,$eauthor.
=245  13$aLa re-invención religiosa del encierro :$bhermanitos, refugiados y cachivaches en los penales bonaerenses /$cRodolfo Luis Brardinelli, Joaquín Algranti.
=264  \1$a[Buenos Aires?] :$bCentro Cultural de la Cooperación Floreal Gorini ;$a[Bernal?, Argentina] :$bUniversidad Nacional de Quilmes,$c[2013]
=300  \\$a317 pages :$billustrations ;$c23 cm.
=336  \\$atext$2rdacontent
=337  \\$aunmediated$2rdamedia
=338  \\$avolume$2rdacarrier
=490  0\$aPensamiento crítico
=504  \\$aIncludes bibliographical references (pages 309-317).
=650  \0$aPrisoners$xReligious life$zArgentina$zBuenos Aires (Province)
=650  \0$aPentecostals$zArgentina$zBuenos Aires (Province)
=700  1\$aAlgranti, Joaquín,$eauthor.
=852  41$aBritish Library$bHMNTS$jYF.2014.a.26458
=856  41$uhttp://core.cambeiro.com.ar/0-162812-6.pdf
=CAT  \\$a6503$b40$c20140703$lBLL01$h1338
=CAT  \\$a10904$b40$c20141201$lBLL01$h0850
=CAT  \\$aBATCH-UPD$b40$c20160506$lBLL01$h2047
=CAT  \\$aW2308-1659$c20230923$lBLL01$h1025
=FIN  \\$aY$d20141201
=FMT  \\$a  BK
=LAS  \\$aW2308-1659$b00$c20230923$lBLL01$h1025
=SRC  \\$aBLL02

