=LDR  01645cam a22004095i 4500
=001  016766233
=003  Uk
=005  20141031104809.0
=008  140102s2013\\\\ag\a\\\\\b\\\\001\0\spa\d
=010  \\$a  2012516239
=020  \\$a9789507931604
=035  \\$a(AR-BaFGC)0-91679/54
=040  \\$aAR-BaFGC$cAR-BaFGC$dDLC$dUk$erda
=042  \\$aukblderived
=043  \\$as-ag---
=050  00$aHD9235.S62$bA73 2013
=245  00$aDe especie exótica a monocultivo :$bestudios sobre la expansión de la soja en Argentina /$cGabriela Martínez Dougnar, compiladora ; Eduardo Azcuy Ameghino, Pedro Castillo, Lucila M. Díaz Rönner, Diego Fernández, Carlos Alberto León, José Pierri, José B. Pizarro, María Isabel Tort.
=264  \1$a[Buenos Aires] :$bImago Mundi,$c[2013]
=300  \\$axi, 305 pages :$billustrations ;$c22 cm.
=336  \\$atext$2rdacontent
=337  \\$aunmediated$2rdamedia
=338  \\$avolume$2rdacarrier
=490  0\$aColección Bitácora argentina
=504  \\$aIncludes bibliographical references (pages 283-301) and index.
=650  \0$aSoybean industry$zArgentina.
=700  1\$aMartínez Dougnar, Gabriela,$eeditor of compilation.
=852  41$aBritish Library$bHMNTS$jYF.2014.a.24226
=856  41$uhttp://core.cambeiro.com.ar/0-91679-54.pdf
=CAT  \\$a6503$b40$c20140704$lBLL01$h1200
=CAT  \\$a10904$b40$c20141031$lBLL01$h1047
=CAT  \\$a10904$b40$c20141031$lBLL01$h1048
=CAT  \\$aW2308-1659$c20230923$lBLL01$h1025
=CAT  \\$aBATCH-UPD$b00$c20230925$lBLL01$h0739
=FIN  \\$aY$d20141031
=FMT  \\$a  BK
=LAS  \\$aBATCH-UPD$b00$c20230925$lBLL01$h0739
=SRC  \\$aBLL02

