=LDR  01636 am a22004457i 4500
=001  016766390
=003  Uk
=005  20160206063159.0
=008  140609s2013\\\\ag\a\\\\\b\\\\000\0\spa\d
=010  \\$a  2014510013
=020  \\$a9789871855483
=035  \\$a(AR-BaFGC)0-162799/26
=040  \\$aAR-BaFGC$beng$cAR-BaFGC$dDLC$dUk$erda
=042  \\$aukblderived
=043  \\$as-ag---
=050  00$aHM753$b.M465 2013
=245  00$aMemoria e imaginario en el Nordeste Argentino :$bescritura, oralidad e imagen /$cMariana Giordano, Luciana Sudar Klappenbach, Ronald Isler Duprat, editores.
=264  \1$aRosario [Santa Fe] Argentina :$bProhistoria Ediciones,$c2013.
=300  \\$a239 pages :$billustrations ;$c23 cm.
=336  \\$atext$2rdacontent
=337  \\$aunmediated$2rdamedia
=338  \\$avolume$2rdacarrier
=490  0\$aColección Universidad ;$v26
=504  \\$aIncludes bibliographical references.
=650  \0$aGroup identity$zArgentina, Northeast.
=650  \0$aEthnicity$zArgentina, Northeast.
=650  \0$aPhotography$xSocial aspects$zArgentina, Northeast.
=700  1\$aGiordano, Mariana,$eeditor.
=700  1\$aSudar Klappenbach, Luciana,$eeditor.
=700  1\$aIsler Duprat, Ronald,$eeditor.
=852  41$aBritish Library$bHMNTS$jYF.2016.a.3428
=856  41$uhttp://core.cambeiro.com.ar/0-162799-26.pdf
=CAT  \\$a6503$b40$c20140704$lBLL01$h1452
=CAT  \\$aBATCH-UPD$b40$c20140704$lBLL01$h1452
=CAT  \\$aFIX-001$c20151007$lBLL01$h1810
=CAT  \\$a10904$b40$c20160206$lBLL01$h0631
=FIN  \\$aY$d20160206
=FMT  \\$a  BK
=LAS  \\$a10904$b40$c20160206$lBLL01$h0631
=SRC  \\$aBLL02

