=LDR  01414cam a22004097i 4500
=001  016828861
=003  Uk
=005  20141201112728.0
=008  140305s2014\\\\ag\a\\\\\b\\\\000\0dspa\d
=020  \\$a9789500746960
=020  \\$a9500746964
=035  \\$a(OCoLC)883186904
=040  \\$aAR-BaFGC$beng$cN15$dOCLCO$dUk$erda
=042  \\$aukblderived
=043  \\$alsfk---
=050  \4$aF3031$b.N54 2014
=100  1\$aNiebieskikwiat, Natasha,$eauthor.
=245  10$aKelpers :$bni ingleses ni argentinos : cómo es la nación que crece frente a nuestras costas /$cNatasha Niebieskikwiat.
=264  \1$a[Buenos Aires] :$bSudamericana,$c[2014]
=300  \\$a277 pages :$billustrations ;$c23 cm
=336  \\$atext$2rdacontent
=337  \\$aunmediated$2rdamedia
=338  \\$avolume$2rdacarrier
=504  \\$aIncludes bibliographical references.
=650  \0$aImmigrants$zFalkland Islands$xHistory.
=651  \0$aFalkland Islands$xHistory.
=651  \0$aFalkland Islands$xBiography.
=852  41$aBritish Library$bHMNTS$jYF.2014.a.26537
=856  41$uhttp://core.cambeiro.com.ar/0-101003-89.pdf
=CAT  \\$a9518$b40$c20140819$lBLL01$h1214
=CAT  \\$a10904$b40$c20141201$lBLL01$h1127
=CAT  \\$aBATCH-UPD$b40$c20211201$lBLL01$h2122
=CAT  \\$aW2308-1659$c20230923$lBLL01$h1026
=FIN  \\$aY$d20141201
=FMT  \\$a  BK
=LAS  \\$aW2308-1659$b00$c20230923$lBLL01$h1026
=SID  \\$aZ39$bOCLC

