=LDR  01570 am a22004337a 4500
=001  016828893
=003  Uk
=005  20150415082624.0
=008  121129s2012\\\\ag\a\\\\\b\\\\000\0\spa\d
=010  \\$a  2012519440
=020  \\$a9789872460235
=035  \\$a(AR-BaFGC)0-168246/1
=040  \\$aAR-BaFGC$cAR-BaFGC$dDLC$dUk
=042  \\$aukblderived
=043  \\$as-ag---
=050  00$aLB1573$b.H4586 2012
=245  00$aHistoria de la lectura en la Argentina :$bdel catecismo colonial a las netbooks estatales /$cHéctor Rubén Cucuzza, dir. ; Roberta Paula Spregelburd, codir. ; [Teresa Laura Artieda ... et al.].
=250  \\$a1. ed.
=260  \\$aBuenos Aires :$bEditoras del Calderón,$c2012.
=300  \\$a672 p. :$bill. ;$c22 cm.
=336  \\$atext$2rdacontent
=337  \\$aunmediated$2rdamedia
=338  \\$avolume$2rdacarrier
=490  0\$aColección Scripta manent
=504  \\$aIncludes bibliographical references.
=650  \0$aReading (Elementary)$zArgentina$xHistory.
=650  \0$aReading (Elementary)$zArgentina$xTextbooks$yHistory.
=700  1\$aCucuzza, Héctor Rubén.
=700  1\$aSpregelburd, Roberta Paula.
=852  41$aBritish Library$bHMNTS$jYF.2015.a.7634
=856  41$uhttp://core.cambeiro.com.ar/0-168246-1.pdf
=CAT  \\$a9518$b40$c20140819$lBLL01$h1325
=CAT  \\$aBATCH-UPD$b40$c20150122$lBLL01$h2024
=CAT  \\$a11002$b40$c20150415$lBLL01$h0826
=CAT  \\$aBATCH-UPD$b40$c20170608$lBLL01$h2032
=FIN  \\$aY$d20150415
=FMT  \\$a  BK
=LAS  \\$aBATCH-UPD$b40$c20170608$lBLL01$h2032
=SRC  \\$aBLL02

