=LDR  01289 am a22003854i 4500
=001  016828921
=003  Uk
=005  20150209122710.0
=008  130710s2013\\\\ag\\\\\\\b\\\\000\0\spa\d
=010  \\$a  2012516181
=020  \\$a9789876293082
=035  \\$a(AR-BaFGC)0-117315/10
=040  \\$aAR-BaFGC$cAR-BaFGC$dDLC$dUk$erda
=042  \\$aukblderived
=043  \\$as-ag---
=050  00$aHN270.Z9$bV525 2013
=100  1\$aHilb, Claudia.
=245  10$aUsos del pasado :$bqué hacemos hoy con los setenta /$cClaudia Hilb.
=260  \\$aBuenos Aires :$bSiglo Veintiuno Editores,$c2013.
=300  \\$a166 page ;$c20 cm.
=336  \\$atext$2rdacontent
=337  \\$aunmediated$2rdamedia
=338  \\$avolume$2rdacarrier
=490  0\$aMínima
=504  \\$aIncludes bibliographical references.
=650  \0$aPolitical violence$zArgentina$xHistory$y20th century$xPhilosophy.
=650  \0$aTrials (Crimes against humanity)$zArgentina$xHistory$y20th century$xPhilosophy.
=852  41$aBritish Library$bHMNTS$jYF.2015.a.2976
=856  41$uhttp://core.cambeiro.com.ar/0-117315-10.pdf
=CAT  \\$a9518$b40$c20140819$lBLL01$h1347
=CAT  \\$a11131$b40$c20150209$lBLL01$h1227
=FIN  \\$aY$d20150209
=FMT  \\$a  BK
=LAS  \\$a11131$b40$c20150209$lBLL01$h1227
=SRC  \\$aBLL02

