=LDR  01135 am a2200361 i 4500
=001  016828925
=003  Uk
=005  20141201074802.0
=008  140127s2013\\\\ag\\\\\\\\\\\\000\1\spa\d
=020  \\$a9789872905453
=020  \\$a9872905452
=035  \\$a(OCoLC)883186903
=040  \\$aAR-BaFGC$beng$cN15$dOCLCO$dCOD$dNUI$dUk$erda
=042  \\$aukblderived
=050  \4$aPQ7798.23.O72$bA6 2013
=100  1\$aMoreno, María,$d1947-$eauthor.
=240  00$aEssays.$kSelections
=245  10$aSubrayados :$bleer hasta que la muerte nos separe /$cMaría Moreno.
=264  \1$aBuenos Aires, Argentina :$bMardulce,$c[2013]
=300  \\$a291 pages ;$c19 cm.
=336  \\$atext$2rdacontent
=337  \\$aunmediated$2rdamedia
=338  \\$avolume$2rdacarrier
=490  1\$aEnsayo
=830  \0$aEnsayo (Mardulce (Firm))
=852  41$aBritish Library$bHMNTS$jYF.2014.a.26456
=856  41$uhttp://core.cambeiro.com.ar/0-165674-4.pdf
=CAT  \\$a9518$b40$c20140819$lBLL01$h1349
=CAT  \\$a10904$b40$c20141201$lBLL01$h0748
=FIN  \\$aY$d20141201
=FMT  \\$a  BK
=LAS  \\$a10904$b40$c20141201$lBLL01$h0748
=SID  \\$aZ39$bOCLC

