=LDR  01354cam a22003977i 4500
=001  016828953
=003  Uk
=005  20141031080137.0
=008  131111s2013\\\\ag\a\\\\\b\\\\000\0\spa\d
=020  \\$a9789504936916
=020  \\$a9504936911
=035  \\$a(OCoLC)882447239
=040  \\$aAR-BaFGC$beng$cN15$dOCLCO$dUk$erda
=042  \\$aukblderived
=043  \\$as-ag---
=050  \4$aHQ281$b.B35 2013
=100  1\$aBalatti, Fernanda,$eauthor.
=245  10$aVivir para juzgarlos :$bla trata de personas en primera persona /$cFernanda Balatti.
=264  \1$aC.A.B.A. :$bPlaneta,$c[2013]
=300  \\$a291 pages :$billustrations ;$c23 cm
=336  \\$atext$2rdacontent
=337  \\$aunmediated$2rdamedia
=338  \\$avolume$2rdacarrier
=500  \\$aPlace of publication: Ciudad Autónoma de Buenos Aires.
=504  \\$aIncludes bibliographical references (pages 279-289).
=650  \0$aHuman trafficking.
=650  \0$aHuman trafficking victims$zArgentina$vCase studies.
=852  41$aBritish Library$bHMNTS$jYF.2014.a.24323
=856  41$uhttp://core.cambeiro.com.ar/0-171418-0.pdf
=CAT  \\$a9701$b40$c20140819$lBLL01$h1411
=CAT  \\$a10904$b40$c20141031$lBLL01$h0801
=CAT  \\$aW2308-1659$c20230923$lBLL01$h1026
=FIN  \\$aY$d20141031
=FMT  \\$a  BK
=LAS  \\$aW2308-1659$b00$c20230923$lBLL01$h1026
=SID  \\$aZ39$bOCLC

