=LDR  01549 am a2200409 i 4500
=001  016828955
=003  Uk
=005  20141201083915.0
=008  131212e201311\\ag\a\\\\\b\\\\000\0\spa\d
=010  \\$a  2012516250
=020  \\$a9789871709243
=035  \\$a(AR-BaFGC)0-171778/1
=040  \\$aAR-BaFGC$beng$cAR-BaFGC$dDLC$dUk$erda
=042  \\$aukblderived
=043  \\$as-ag---
=050  00$aHV6771.A742$bG463 2013
=100  1\$aBoniolo, Paula,$eauthor.
=245  14$aLas bases sociales y territoriales de la corrupción :$bdominación y microrresistencia en un barrio del conurbano bonaerense /$cPaula Boniolo.
=250  \\$a1a edición.
=264  \1$aBuenos Aires, Argentina :$bEdiciones Luxemburg,$cnoviembre de 2013.
=300  \\$a280 pages :$billustrations ;$c23 cm.
=336  \\$atext$2rdacontent
=337  \\$aunmediated$2rdamedia
=338  \\$avolume$2rdacarrier
=490  0\$aColección Teoría e investigación en ciencias sociales
=504  \\$aIncludes bibliographical references (pages 269-280).
=650  \0$aCorruption$xSocial aspects$zArgentina$zGeneral Pacheco.
=650  \0$aPoor$zArgentina$zGeneral Pacheco$xAttitudes.
=651  \0$aGeneral Pacheco (Argentina)$xSocial conditions$y21st century.
=852  41$aBritish Library$bHMNTS$jYF.2014.a.26531
=856  41$uhttp://core.cambeiro.com.ar/0-171778-1.pdf
=CAT  \\$a9701$b40$c20140819$lBLL01$h1412
=CAT  \\$a10904$b40$c20141201$lBLL01$h0839
=FIN  \\$aY$d20141201
=FMT  \\$a  BK
=LAS  \\$a10904$b40$c20141201$lBLL01$h0839
=SRC  \\$aBLL02

