=LDR  01324 am a2200385 a 4500
=001  016828965
=003  Uk
=005  20140912091756.0
=008  120314s2014\\\\ag\\\\\\\b\\\\000\0\spa\d
=010  \\$a  2012377192
=020  \\$a9789872753948
=035  \\$a(AR-BaFGC)0-165624/0
=040  \\$aAR-BaFGC$cAR-BaFGC$dDLC$dUk
=042  \\$aukblderived
=043  \\$as-ag---
=100  1\$aRubé, Julio Horacio.
=245  13$aEl general Eduardo Lonardi y la Revolución Libertadora :$bel derrocamiento de Perón y el Plan de Pacificación /$cJulio Horacio Rubé.
=260  \\$aCiudad Autónoma de Buenos Aires :$bEder,$cc2014.
=300  \\$a714 p. ;$c23 cm
=336  \\$atext$2rdacontent
=337  \\$aunmediated$2rdamedia
=338  \\$avolume$2rdacarrier
=504  \\$aIncludes bibliographical references (p. 677-714).
=600  10$aLonardi, Eduardo,$d1896-1956.
=650  \0$aPeronism.
=651  \0$aArgentina$xHistory$yRevolution, 1955.
=651  \0$aArgentina$xPolitics and government$y1955-1983.
=852  41$aBritish Library$bHMNTS$jYF.2014.a.19959
=856  41$uhttp://core.cambeiro.com.ar/0-165624-0.pdf
=CAT  \\$a9518$b40$c20140819$lBLL01$h1424
=CAT  \\$a10904$b40$c20140912$lBLL01$h0917
=FIN  \\$aY$d20140912
=FMT  \\$a  BK
=LAS  \\$a10904$b40$c20140912$lBLL01$h0917
=SRC  \\$aBLL02

