=LDR  01430 am a2200397 a 4500
=001  016829003
=003  Uk
=005  20141201133924.0
=008  121017s2012\\\\ag\\\\\\\b\\\\000\0\spa\d
=010  \\$a  2012519429
=020  \\$a9789871397792
=035  \\$a(AR-BaFGC)0-153512/4
=040  \\$aAR-BaFGC$cAR-BaFGC$dDLC$dUk
=042  \\$aukblderived
=043  \\$as-ag---
=050  00$aHV887.A7$bV55 2012
=100  1\$aVillalta, Carla.
=245  10$aEntregas y secuestros :$bel rol del estado en la apropiación de niños /$cCarla Villalta.
=260  \\$aCiudad Autónoma de Buenos Aires :$bEditores del Puerto,$cc2012.
=300  \\$a325 p. ;$c23 cm.
=336  \\$atext$2rdacontent
=337  \\$aunmediated$2rdamedia
=338  \\$avolume$2rdacarrier
=490  0\$aRevés. Antropología jurídica y derechos humanos ;$v4
=504  \\$aIncludes bibliographical references (p. 311-325).
=650  \0$aAbandoned children$xGovernment policy$zArgentina$xHistory.
=650  \0$aAdoption$xCorrupt practices$zArgentina$xHistory.
=650  \0$aChildren of disappeared persons$zArgentina$xHistory$y20th century.
=852  41$aBritish Library$bHMNTS$jYF.2014.a.26524
=856  41$uhttp://core.cambeiro.com.ar/0-153512-4.pdf
=CAT  \\$a9518$b40$c20140819$lBLL01$h1452
=CAT  \\$a10904$b40$c20141201$lBLL01$h1339
=FIN  \\$aY$d20141201
=FMT  \\$a  BK
=LAS  \\$a10904$b40$c20141201$lBLL01$h1339
=SRC  \\$aBLL02

