=LDR  02024 am a2200469 i 4500
=001  016832314
=003  Uk
=005  20150209124802.0
=008  140226t20132013ag\\\\\\\b\\\\001\0dspa\d
=020  \\$a9789871307784
=020  \\$a9871307780
=035  \\$a(OCoLC)892573617
=040  \\$aAR-BaFGC$beng$cN15$dOCLCO$dEMU$dUk$erda
=042  \\$aukblderived
=043  \\$as-ag---
=050  \4$aHV6322.3.A7$bM67 2013
=100  1\$aMorosi, Pablo,$d1965-$eauthor.
=245  10$a¿Dónde está Miguel? :$bel caso Bru, un desaparecido en democracia /$cPablo Morosi ; prólogo de Ricardo Ragendorfer.
=264  \1$aCiudad de Buenos Aires, Argentina :$bMarea Editorial,$c[2013]
=264  \4$c©2013
=300  \\$a238 pages ;$c20 cm.
=336  \\$atext$2rdacontent
=337  \\$aunmediated$2rdamedia
=338  \\$avolume$2rdacarrier
=490  1\$aHistoria urgente ;$v41
=504  \\$aIncludes bibliographical references and index.
=505  0\$aSecuestro, torturas, muerte y desaparición ; De Pigüé a La Plata ; Ausencia y dudas ; Del desconcierto a la lucha -- La revelación de Celia ; Celia y Rosa se conocen ; Cambio de juez -- Antecedentes ; La patota ; Cuerpo sin alma -- El juez amigo de la Policía ; Destitución -- El juicio ; La condena ; Continuidad del reclamo -- Rosa.
=600  10$aBru, Miguel,$d1970-1993.
=650  \0$aDisappeared persons$zArgentina$zBuenos Aires (Province)
=650  \0$aPolice misconduct$zArgentina$zBuenos Aires (Province)
=650  \0$aPolice brutality$zArgentina$zBuenos Aires (Province)
=830  \0$aColección Historia urgente ;$v41.
=852  41$aBritish Library$bHMNTS$jYF.2015.a.2975
=856  41$uhttp://core.cambeiro.com.ar/0-119908-33.pdf
=CAT  \\$a9701$b40$c20140820$lBLL01$h0842
=CAT  \\$a11131$b40$c20150209$lBLL01$h1248
=CAT  \\$aBATCH-UPD$b40$c20151202$lBLL01$h0842
=CAT  \\$aBATCH-UPD$b40$c20210226$lBLL01$h2132
=FIN  \\$aY$d20150209
=FMT  \\$a  BK
=LAS  \\$aBATCH-UPD$b40$c20210226$lBLL01$h2132
=SID  \\$aZ39$bOCLC

