=LDR  01713cam a22004097i 4500
=001  016832519
=003  Uk
=005  20150209135610.0
=008  140107s2013\\\\ag\\\\\\\\\\\\000\0\spa\d
=020  \\$a9789871889211
=020  \\$a9871889216
=035  \\$a(OCoLC)883187102
=040  \\$aAR-BaFGC$beng$cN15$dOCLCO$dUk$erda
=042  \\$aukblderived
=050  \4$aHD9000.9.A1$bS73 2013
=100  1\$aStarosta, Mariano,$d1970-$eauthor.
=245  10$aDesierto verde /$centrevistas realizadas por Mariano Starosta, guionista y Ulises de la Orden, director, durante la investigación para la realización del largometraje documental, del mismo nombre, que visibiliza los problemas asociados al cultivo con aplicación intensiva de agroquímicos.
=264  \1$aSáenz Peña, Provincia de Buenos Aires [Argentina] :$bUniversidad Nacional de Tres de Febrero, :$bUNTREFMEDIA,$c[2013]
=300  \\$a243 pages ;$c23 cm
=336  \\$atext$2rdacontent
=337  \\$aunmediated$2rdamedia
=338  \\$avolume$2rdacarrier
=650  \0$aAgricultural industries$xEnvironmental aspects.
=650  \0$aAgricultural chemicals$xHealth aspects.
=650  \0$aAgricultural chemicals$xEnvironmental aspects.
=650  \0$aScientists$vInterviews.
=700  1\$aOrden, Ulises de la,$d1967-$eauthor.
=852  41$aBritish Library$bHMNTS$jYF.2015.a.2979
=856  41$uhttp://core.cambeiro.com.ar/0-172045-0.pdf
=CAT  \\$a9701$b40$c20140820$lBLL01$h0947
=CAT  \\$a11131$b40$c20150209$lBLL01$h1356
=CAT  \\$aBATCH-UPD$b40$c20180718$lBLL01$h1942
=CAT  \\$aW2308-1659$c20230923$lBLL01$h1026
=FIN  \\$aY$d20150209
=FMT  \\$a  BK
=LAS  \\$aW2308-1659$b00$c20230923$lBLL01$h1026
=SID  \\$aZ39$bOCLC

