=LDR  01564 am a2200421 i 4500
=001  016832537
=003  Uk
=005  20141201091128.0
=008  140129s2013\\\\ag\a\\\\\b\\\\000\0\spa\d
=010  \\$a  2012516380
=020  \\$a9789875745940
=035  \\$a(AR-BaFGC)0-140071/5
=040  \\$aAR-BaFGC$cAR-BaFGC$dDLC$dUk$erda
=042  \\$aukblderived
=043  \\$as-ag---
=050  00$aF2803.5$b.C37 2013
=100  1\$aCarman, Carolina,$d1975-$eauthor.
=245  14$aLos orígenes del Museo Histórico Nacional /$cCarolina Carman.
=264  \1$aBuenos Aires, Argentina :$bPrometeo Libros,$c[2013]
=300  \\$a237 pages :$billustrations ;$c24 cm.
=336  \\$atext$2rdacontent
=337  \\$aunmediated$2rdamedia
=338  \\$avolume$2rdacarrier
=490  0\$aColección Historia argentina
=500  \\$aOriginally presented as the author's thesis (licenciate)--Universidad de Buenos Aires, 2010.
=504  \\$aIncludes bibliographical references (pages 231-237).
=610  20$aMuseo Histórico Nacional (Argentina)$xHistory$y19th century.
=650  \0$aHistorical museums$zArgentina$zBuenos Aires$xHistory$y19th century.
=852  41$aBritish Library$bHMNTS$jYF.2014.a.26650
=856  41$uhttp://core.cambeiro.com.ar/0-140071-5.pdf
=CAT  \\$a9701$b40$c20140820$lBLL01$h1044
=CAT  \\$a10904$b40$c20141201$lBLL01$h0910
=CAT  \\$a10904$b40$c20141201$lBLL01$h0911
=CAT  \\$aBATCH-UPD$b40$c20181010$lBLL01$h1818
=FIN  \\$aY$d20141201
=FMT  \\$a  BK
=LAS  \\$aBATCH-UPD$b40$c20181010$lBLL01$h1818
=SID  \\$aZ39$bLOC

