=LDR  01497 am a2200421 a 4500
=001  016832547
=003  Uk
=005  20141031105230.0
=008  130305s2013\\\\ag\b\\\\\b\\\\000\0\spa\d
=010  \\$a  2012519903
=020  \\$a9789500740340
=035  \\$a(AR-BaFGC)0-101003/77
=040  \\$aAR-BaFGC$cAR-BaFGC$dDLC$dUk
=042  \\$aukblderived
=043  \\$as-ag---
=050  00$aLE23.B8$bM46 2013
=100  1\$aMéndez, Alicia,$d1967-
=245  13$aEl Colegio :$bla formación de una elite meritocrática en el Nacional Buenos Aires /$cAlicia Méndez.
=260  \\$aBuenos Aires :$bSudamericana,$cc2013.
=300  \\$a377 p. :$bmaps ;$c23 cm
=336  \\$atext$2rdacontent
=337  \\$aunmediated$2rdamedia
=338  \\$avolume$2rdacarrier
=504  \\$aIncludes bibliographical references (p. 345-356).
=610  20$aColegio Nacional de Buenos Aires.
=650  \0$aHigh schools$zArgentina$zBuenos Aires$xSociological aspects.
=650  \0$aHigh school students$zArgentina$zBuenos Aires$xSocial conditions.
=650  \0$aElite (Social sciences)$xEducation$zArgentina$zBuenos Aires.
=852  41$aBritish Library$bHMNTS$jYF.2014.a.24243
=856  41$uhttp://core.cambeiro.com.ar/0-101003-77.pdf
=985  \\$aGC-FY14
=CAT  \\$a9701$b40$c20140820$lBLL01$h1053
=CAT  \\$a10904$b40$c20141031$lBLL01$h1052
=CAT  \\$aWR14_128$c20160226$lBLL01$h1628
=FIN  \\$aY$d20141031
=FMT  \\$a  BK
=LAS  \\$aWR14_128$b00$c20160226$lBLL01$h1628
=SID  \\$aZ39$bLOC

