=LDR  01602 am a2200409 i 4500
=001  016832550
=003  Uk
=005  20150209115037.0
=008  140605s2013\\\\ag\ab\\\\b\\\\000\0\spa\d
=010  \\$a  2012516590
=020  \\$a9789871855384
=035  \\$a(AR-BaFGC)0-121783/22
=040  \\$aAR-BaFGC$cAR-BaFGC$dDLC$dUk$erda
=042  \\$aukblderived
=043  \\$as-ag---
=050  00$aHD475$b.T54 2013
=245  00$aTierras rurales :$bpolíticas, transacciones y mercados en Argentina, 1780-1914 /$cGuillermo Banzato, director.
=264  \1$aRosario [Santa Fe] Argentina :$bProhistoria Ediciones,$c2013.
=300  \\$a242 pages :$billustrations, map. ;$c23 cm.
=336  \\$atext$2rdacontent
=337  \\$aunmediated$2rdamedia
=338  \\$avolume$2rdacarrier
=490  0\$aColección Actas,$x1668-5369 ;$v23
=504  \\$aIncludes bibliographical references.
=650  \0$aLand tenure$zArgentina$xHistory$y19th century.
=650  \0$aLand settlement$zArgentina$xHistory$y19th century.
=650  \0$aLand markets$zArgentina$xHistory$y19th century.
=700  1\$aBanzato, Guillermo,$eeditor,$eauthor.
=700  1\$aBanzato, Guillermo.$tProblemas, métodos yabordajes teóricos en torno al mercado de tierras : la campaña bonaerense entre los siglos XVIII y XIX.
=852  41$aBritish Library$bHMNTS$jYF.2015.a.2990
=856  41$uhttp://core.cambeiro.com.ar/0-121783-22.pdf
=CAT  \\$a9701$b40$c20140820$lBLL01$h1054
=CAT  \\$a11131$b40$c20150209$lBLL01$h1150
=FIN  \\$aY$d20150209
=FMT  \\$a  BK
=LAS  \\$a11131$b40$c20150209$lBLL01$h1150
=SID  \\$aZ39$bLOC

