=LDR  01353 am a22003977a 4500
=001  016832568
=003  Uk
=005  20141201080223.0
=008  130717s2013\\\\ag\a\\\\\b\\\\000\0\spa\d
=020  \\$a9789872883225
=020  \\$a987288322X
=035  \\$a(OCoLC)880339716
=040  \\$aAR-BaFGC$beng$cN15$dOCLCO$dH7K$dUk
=042  \\$aukblderived
=043  \\$as-ag---
=050  \4$aF3001.15$bS33 2013
=100  1\$aSchávelzon, Daniel.
=245  10$aLítica histórica :$bla piedra en Buenos Aires en los siglos XVI al XX, usos y tecnologías /$cDaniel Schávelzon.
=260  \\$aCiudad Autónoma de Buenos Aires :$bAspha,$cc2013.
=300  \\$a109 p. :$bill. ;$c21 cm
=336  \\$atext$2rdacontent
=337  \\$aunmediated$2rdamedia
=338  \\$avolume$2rdacarrier
=504  \\$aIncludes bibliographical references (p. 105-109).
=546  \\$aIn Spanish.
=650  \0$aStone$zArgentina$zBuenos Aires.
=651  \0$aBuenos Aires (Argentina : Province)$xAntiquities.
=852  41$aBritish Library$bHMNTS$jYF.2014.a.26526
=856  41$uhttp://core.cambeiro.com.ar/0-170201-0.pdf
=CAT  \\$a9701$b40$c20140820$lBLL01$h1114
=CAT  \\$a10904$b40$c20141201$lBLL01$h0801
=CAT  \\$a10904$b40$c20141201$lBLL01$h0802
=FIN  \\$aY$d20141201
=FMT  \\$a  BK
=LAS  \\$a10904$b40$c20141201$lBLL01$h0802
=SID  \\$aZ39$bOCLC

