=LDR  01532 am a2200445 i 4500
=001  016832642
=003  Uk
=005  20150209115435.0
=008  130528s2013\\\\ag\a\\\\\b\\\\000\0bspa\d
=020  \\$a9789871307579
=020  \\$a9871307578
=035  \\$a(OCoLC)882447188
=040  \\$aAR-BaFGC$beng$cN15$dOCLCO$dUk$erda
=042  \\$aukblderived
=043  \\$as-ag---
=050  \4$aHV6322.3.A7$bB83 2013
=100  1\$aBublik, Marcela,$d1957-
=245  10$aAbuela :$bla historia de Rosa Roisinblit, una Abuela de Plaza de Mayo /$cMarcela Bublik.
=260  \\$aCiudad de Buenos Aires :$bMarea Editorial,$c2013.
=300  \\$a283 pages :$billustrations ;$c20 cm.
=336  \\$atext$2rdacontent
=337  \\$aunmediated$2rdamedia
=338  \\$avolume$2rdacarrier
=490  0\$aHistoria urgente
=504  \\$aIncludes bibliographical references.
=600  10$aRosinblit, Rosa,$d1919-
=610  20$aAsociación de Abuelas Plaza de Mayo.
=650  \0$aFamilies of disappeared persons$zArgentina.
=650  \0$aChildren of disappeared persons$zArgentina.
=650  \0$aGrandmothers$zArgentina$vBiography.
=700  1\$aRoisinblit, Rosa,$d1919-
=852  41$aBritish Library$bHMNTS$jYF.2015.a.2984
=856  41$uhttp://core.cambeiro.com.ar/0-119908-28.pdf
=CAT  \\$a9701$b40$c20140820$lBLL01$h1219
=CAT  \\$a11131$b40$c20150209$lBLL01$h1154
=CAT  \\$aBATCH-UPD$b40$c20151024$lBLL01$h1710
=FIN  \\$aY$d20150209
=FMT  \\$a  BK
=LAS  \\$aBATCH-UPD$b40$c20151024$lBLL01$h1710
=SID  \\$aZ39$bOCLC

