=LDR  03907 am a2200481 i 4500
=001  016832653
=003  Uk
=005  20141103145152.0
=008  140107s2013\\\\ag\\\\\\\b\\\\000\0\spa\d
=010  \\$a  2012516374
=020  \\$a9789875746138
=020  \\$a9875746134
=035  \\$a(OCoLC)883263124
=040  \\$aAR-BaFGC$beng$cDLC$dMNU$dUk$erda
=042  \\$aukblderived
=043  \\$as-ag---
=050  00$aF2846$b.H27 2013
=245  00$aHacer política :$bla participación popular en el siglo XIX rioplatense /$cGabriel Di Meglio, Raúl O. Fradkin, compiladores ; autores, Nidia R. Areces, Beatriz Bragoni, Gabriel Di Meglio, Raúl O. Fradkin, Sara E. Mata de López, Gustavo L. Paz, Ricardo Piglia, Silvia Ratto, Daniel Santilli, Sergio Serulnikov, Sonia Tell, Julio Esteban Vezub.
=264  \1$aBuenos Aires, Argentina :$bPrometeo Libros,$c[2013]
=300  \\$a459 pages ;$c24 cm.
=336  \\$atext$2rdacontent
=337  \\$aunmediated$2rdamedia
=338  \\$avolume$2rdacarrier
=490  1\$aColección Historia argentina
=504  \\$aIncludes bibliographical references.
=505  0\$aIntroducción. Lo popular y la política en el siglo XIX rioplatense / Gabriel Di Meglio, Raúl O. Fradkin -- Nuevas formas de hacer política : los sectores plebeyos urbanos y la debacle de la sociedad de Indias en el Alto Perú / Sergio Serulnikov -- Los sectores populares y la política : Paraguay, 1800-1864 / Nidia R. Areces -- Milicias y montoneras : salta en las primeras décadas del siglo XIX / Sara E. Mata de López -- Auge y caída del "comunismo indígena" en el norte argentino : los Andes de Jujuy, 1830-1900 / Gustavo L. Paz -- En defensa de la autonomía : gobierno, justicia y reclutamiento en los pueblos de indios de Córdova (1810-1850) / Sonia Tell -- Movilización, participación y resistencia : las formas de intervención de los sectores populares en la construcción del Estado Provincial : Tucmán,1810-1875 / Flavia Macías, María Paula Parolo -- Milicias y montoneras en La Rioja : La participación política de la plebe y los gauchos en el siglo XIX / Fernando Gómez, Virginia Macchi -- Participación popular en Cuyo, siglo XIX / Beatriz Bragoni -- La participación política popular en el litoral rioplatense durante el siglo XIX : notas y conjeturas / Raúl O. Fradkin -- La participación política popular en la provincia de Buenos Aires, 1820-1890 : un ensayo / Gabriel Di Meglio -- Resistencia y movilización entre los indios fronterizos del Chaco / Silvia Ratto -- El proceso de popularización indígeno-criollo en Pampa y Patagonia del siglo XIX / Julio Esteban Vezub -- Las condiciones de vida de los pobres en la futura Argentina : el largo siglo XIX / Tomás Guzman, Daniel Santilli -- Los gauchos de Sarmiento / Javier Trímboli -- Las actas del juicio / Ricardo Piglia -- Una conversación con Ricardo Piglia sobre literatura e historia popular / Gabriel Di Meglio y Raúl Fradkin.
=650  \0$aPolitical participation$zArgentina$xHistory$y19th century.
=650  \0$aPoor$xPolitical activity$zArgentina$xHistory$y19th century.
=650  \0$aWorking class$xPolitical activity$zArgentina$xHistory$y19th century.
=651  \0$aArgentina$xPolitics and government$y19th century.
=700  1\$aFradkin, Raúl,$d1955-$eeditor of compilation.
=700  1\$aDi Meglio, Gabriel,$d1973-$eeditor of compilation.
=830  \0$aColección Historia argentina (Prometeo Libros (Firm))
=852  41$aBritish Library$bHMNTS$jYF.2014.a.24345
=856  41$uhttp://core.cambeiro.com.ar/0-140071-3.pdf
=CAT  \\$a9701$b40$c20140820$lBLL01$h1226
=CAT  \\$a10904$b40$c20141031$lBLL01$h0723
=CAT  \\$a11306$b40$c20141103$lBLL01$h1451
=CAT  \\$aBATCH-UPD$b40$c20151122$lBLL01$h2108
=FIN  \\$aY$d20141031
=FMT  \\$a  BK
=LAS  \\$aBATCH-UPD$b40$c20151122$lBLL01$h2108
=SID  \\$aZ39$bOCLC

