=LDR  02102 am a22005057i 4500
=001  016832670
=003  Uk
=005  20160513105723.0
=008  140609s2013\\\\ag\\\\\\\b\\\\000\0\spa\d
=010  \\$a  2014510219
=020  \\$a9789871855629
=020  \\$a9871855621
=035  \\$a(OCoLC)895014133
=040  \\$aAR-BaFGC$beng$cDLC$dCOO$dPIT$dCUY$dFXG$dOCLCO$dUk$erda
=042  \\$aukblderived
=043  \\$as-ag---$ae-sp---
=050  00$aF2991$b.S62 2013
=100  1\$aSmietniansky, Silvina,$eauthor.
=245  10$aRitual, tiempo y poder :$buna aproximación antropológica a las instituciones del gobierno colonial (Gobernación del Tucumán, siglos XVII y XVIII) /$cSilvina Smietniansky.
=264  \1$aRosario, [Santa Fe] Argentina: :$bProhistoria Ediciones,$c2013.
=300  \\$a299 pages ;$c23 cm.
=336  \\$atext$2rdacontent
=337  \\$aunmediated$2rdamedia
=338  \\$avolume$2rdacarrier
=490  1\$aColección Historia & cultura ;$v9
=504  \\$aIncludes bibliographical references (pages 273-299).
=650  \7$aColonies$xAdministration.$2fast$0(OCoLC)fst00868457
=650  \7$aAnthropology.$2fast$0(OCoLC)fst00810196
=650  \7$aPolitical science.$2fast$0(OCoLC)fst01069781
=650  \4$aMunicipal government$zArgentina$zTucumán$xHistory$xArchival resources.
=651  \0$aTucumán (Argentina : Gobernación)$xPolitics and government.
=651  \0$aSpain$xColonies$zAmerica$xAdministration$xHistory.
=651  \7$aArgentina$zTucumán.$2fast$0(OCoLC)fst01206683
=651  \4$aTucumán (Argentina)$xPolitics and government$y17th-18th centuries.
=655  \7$aHistory.$2fast$0(OCoLC)fst01411628
=830  \0$aColección Historia & cultura (Rosario, Santa Fe, Argentina) ;$v9.
=852  41$aBritish Library$bHMNTS$jYF.2016.a.11893
=856  41$uhttp://core.cambeiro.com.ar/0-155342-8.pdf
=CAT  \\$a9701$b40$c20140820$lBLL01$h1326
=CAT  \\$aFIX-001$c20151007$lBLL01$h1810
=CAT  \\$a11131$b40$c20160513$lBLL01$h1057
=FIN  \\$aY$d20160513
=FMT  \\$a  BK
=LAS  \\$a11131$b40$c20160513$lBLL01$h1057
=SID  \\$aZ39$bOCLC

