=LDR  01617 am a2200445 i 4500
=001  016832676
=003  Uk
=005  20141031110517.0
=008  140312s2014\\\\ag\\\\\\\b\\\\000\0dspa\d
=010  \\$a  2012516369
=020  \\$a9789504938613
=035  \\$a(AR-BaFGC)0-646/169
=040  \\$aAR-BaFGC$cAR-BaFGC$dDLC$dUk$erda
=042  \\$aukblderived
=043  \\$as-ag---
=050  00$aF2849.2$b.P3156 2014
=100  1\$aPacheco, Mariano,$eauthor.
=245  10$aMontoneros silvestres :$b1976-1983 : historias de resistencia a la dictadura en el sur del conurbano /$cMariano Pacheco.
=264  \1$aC.A.B.A. :$bPlaneta,$c[2014]
=300  \\$a437 pages ;$c23 cm.
=336  \\$atext$2rdacontent
=337  \\$aunmediated$2rdamedia
=338  \\$avolume$2rdacarrier
=490  0\$aEspejo de la Argentina
=504  \\$aIncludes bibliographical reference (pages 431-435).
=610  20$aOrganización Montoneros (Argentina)
=650  \0$aGuerrillas$zArgentina$zBuenos Aires Region$xHistory$y20th century.
=650  \0$aGovernment, Resistance to$zArgentina$zBuenos Aires Region$xHistory$y20th century.
=651  \0$aArgentina$xPolitics and government$y1955-1983.
=852  41$aBritish Library$bHMNTS$jYF.2014.a.24244
=856  41$uhttp://core.cambeiro.com.ar/0-646-169.pdf
=985  \\$aGC-FY14
=CAT  \\$a9701$b40$c20140820$lBLL01$h1334
=CAT  \\$a10904$b40$c20141031$lBLL01$h1105
=CAT  \\$aBATCH-UPD$b40$c20151106$lBLL01$h2044
=CAT  \\$aBATCH-UPD$b40$c20171023$lBLL01$h2023
=FIN  \\$aY$d20141031
=FMT  \\$a  BK
=LAS  \\$aBATCH-UPD$b40$c20171023$lBLL01$h2023
=SID  \\$aZ39$bLOC

