=LDR  02054 am a22005417i 4500
=001  016900154
=003  Uk
=005  20160206091546.0
=008  140515s2013\\\\ag\\\\\\\b\\\\000\0\spa\d
=010  \\$a  2012516605
=020  \\$a9789871923540 (Argentina)
=020  \\$a9871923546 (Argentina)
=020  \\$a9788415851165 (España)
=020  \\$a8415851162 (España)
=035  \\$a(OCoLC)881519620
=040  \\$aAR-BaFGC$beng$cDLC$dLRU$dLTSCA$dOCLCF$dOCLCO$dCHVBK$dCOO$dFUG$dOCLCO$dUk$erda
=042  \\$aukblderived
=050  00$aPQ7797.U83$bA6 2013
=100  1\$aUrondo, Francisco,$eauthor.
=240  10$aArticles.$kSelections
=245  10$aObra periodística :$bcrónicas, entrevistas y perfiles 1952-1972 /$cFrancisco Urondo ; investigación, selección y notas de Osvaldo Aguirre.
=250  \\$a1a edición en Argentina.
=264  \1$aBuenos Aires :$bAdriana Hidalgo Editora,$c[2013]
=300  \\$a587 pages ;$c23 cm.
=336  \\$atext$2rdacontent
=337  \\$aunmediated$2rdamedia
=338  \\$avolume$2rdacarrier
=490  1\$aLa lengua. Biblioteca Urondo
=504  \\$aIncludes bibliographical references.
=650  \0$aLatin American literature$xHistory and criticism.
=650  \0$aBooks$vReviews.
=650  \7$aBooks.$2fast$0(OCoLC)fst00836401
=650  \7$aLatin American literature.$2fast$0(OCoLC)fst00993031
=650  \7$aNichtfiktionale Prosa.$0(DE-588)4221390-3$2gnd
=650  \7$aJournalismus.$0(DE-588)4028779-8$2gnd
=650  \7$aSpanisch.$0(DE-588)4077640-2$2gnd
=655  \7$aCriticism, interpretation, etc.$2fast$0(OCoLC)fst01411635
=655  \7$aReviews.$2fast$0(OCoLC)fst01423760
=700  1\$aAguirre, Osvaldo,$d1964-$eeditor.
=830  \0$aLengua.$pBiblioteca Urondo.
=852  41$aBritish Library$bHMNTS$jYF.2016.a.3450
=856  41$uhttp://core.cambeiro.com.ar/0-174028-4.pdf
=CAT  \\$a9518$b40$c20141022$lBLL01$h1648
=CAT  \\$a10904$b40$c20160206$lBLL01$h0915
=FIN  \\$aY$d20160206
=FMT  \\$a  BK
=LAS  \\$a10904$b40$c20160206$lBLL01$h0915
=SID  \\$aZ39$bOCLC

