=LDR  01276cam a2200385 i 4500
=001  016912205
=003  Uk
=005  20150325104929.0
=008  131104s2013\\\\ag\af\\\\\\\\\000\0dspa\d
=010  \\$a  2012516236
=020  \\$a9789871677917
=035  \\$a(AR-BaFGC)0-170722/0
=040  \\$aAR-BaFGC$cAR-BaFGC$dDLC$dUk$erda
=042  \\$aukblderived
=043  \\$alsfk---$as-ag---$ae-uk---
=050  00$aF3031.5$b.L473 2013
=100  1\$aLepot, François,$eauthor.
=240  10$aArticles.$lSelections
=245  10$aMalvinas :$bel pasado es el prólogo /$cEnrique Oliva.
=264  \1$a[Buenos Aires?] :$bEdiciones Fabro,$c2013.
=300  \\$a343 pages, viii pages of plates :$billustrations ;$c22 cm
=336  \\$atext$2rdacontent
=337  \\$aunmediated$2rdamedia
=338  \\$avolume$2rdacarrier
=650  \0$aFalkland Islands War, 1982.
=651  \0$aFalkland Islands$xInternational status.
=852  41$aBritish Library$bHMNTS$jYF.2015.a.6465
=856  41$uhttp://core.cambeiro.com.ar/0-170722-0.pdf
=CAT  \\$a9518$b40$c20141028$lBLL01$h1701
=CAT  \\$a11002$b40$c20150325$lBLL01$h1049
=CAT  \\$aBATCH-UPD$b40$c20230104$lBLL01$h2025
=FIN  \\$aY$d20150325
=FMT  \\$a  BK
=LAS  \\$aBATCH-UPD$b40$c20230104$lBLL01$h2025
=SRC  \\$aBLL02

