=LDR  02094 am a2200529 i 4500
=001  016989842
=003  Uk
=005  20160126103852.0
=008  150108s2014\\\\ag\\\\\\\b\\\f000\0\spa\d
=010  \\$a  2014510296
=020  \\$a9789874555427
=020  \\$a9874555424
=035  \\$a(OCoLC)908153619
=040  \\$aAR-BaFGC$beng$cDLC$dCOO$dN15$dOCLCO$dUk$erda
=041  \\$aspa$apor
=042  \\$aukblderived
=043  \\$acl-----
=050  00$aHN263$b.C83 2014
=245  00$aCuestión social, políticas sociales y construcción del estado social en América Latina, siglo XX /$cFernando J. Remedi, Mario Barbosa Cruz, (compiladores).
=264  \1$aCórdoba, República Argentina :$bCentro de Estudios Históricos "Prof. Carlos S. A. Segreti" ;$a[Buenos Aires?] :$bCONICET ;$aMéxico, D.F., México :$bUniversidad Autónoma Metropolitana, Unidad Cuajimalpa,$c[2014]
=300  \\$a209 pages ;$c24 cm
=336  \\$atext$2rdacontent
=337  \\$aunmediated$2rdamedia
=338  \\$avolume$2rdacarrier
=504  \\$aIncludes bibliographical references.
=546  \\$aTexts in Spanish ; one article in Portuguese.
=650  \0$aHuman services$zArgentina.
=650  \0$aHuman services$zMexico.
=650  \7$aPolitical science.$2fast$0(OCoLC)fst01069781
=650  \7$aSocial history.$2fast$0(OCoLC)fst01122498
=651  \0$aArgentina$xSocial policy.
=651  \0$aMexico$xSocial policy.
=651  \0$aArgentina$xSocial conditions$y20th century.
=651  \0$aMexico$xSocial conditions$y20th century.
=651  \7$aLatin America.$2fast$0(OCoLC)fst01245945
=700  1\$aRemedi, Fernando Javier.
=700  1\$aBarbosa Cruz, Mario.
=700  1\$aMoreyra, Beatriz I.$tmodernidad periférica.
=852  41$aBritish Library$bHMNTS$jYF.2016.a.2704
=856  41$uhttp://core.cambeiro.com.ar/0-176941-0.pdf
=CAT  \\$a8157$b40$c20141223$lBLL01$h1431
=CAT  \\$aBATCH-UPD$b40$c20151105$lBLL01$h2032
=CAT  \\$a11131$b40$c20160126$lBLL01$h1038
=FIN  \\$aY$d20160126
=FMT  \\$a  BK
=LAS  \\$a11131$b40$c20160126$lBLL01$h1038
=SID  \\$aZ39$bOCLC

