=LDR  01435 am a2200409 a 4500
=001  016992695
=003  Uk
=005  20150325115535.0
=008  130510s2012\\\\ag\a\\\\\bd\\\000\0\spa\d
=010  \\$a  2012516333
=020  \\$a9789505851362
=035  \\$a(AR-BaFGC)0-148913/21
=040  \\$aAR-BaFGC$cAR-BaFGC$dDLC$dUk
=042  \\$aukblderived
=043  \\$as-ag---
=050  00$aGV1635$b.F47 2012
=100  1\$aFernández Latour de Botas, Olga.
=245  10$aLéxico de los bailes criollos /$cOlga Fernández Latour de Botas, Teresa Beatriz Barreto.
=260  \\$a[Buenos Aires?] :$bAcademia Argentina de Letras,$cc2012.
=300  \\$a160 p. :$bill. ;$c17 cm.
=336  \\$atext$2rdacontent
=337  \\$aunmediated$2rdamedia
=338  \\$avolume$2rdacarrier
=490  0\$aColección La Academia y la lengua del pueblo ;$v21
=504  \\$aIncludes bibliographical references (p. [269]-292).
=650  \0$aFolk dancing, Argentine$vDictionaries$xSpanish.
=650  \0$aSpanish language$zArgentina$vDictionaries.
=700  1\$aBarreto, Teresa Beatriz.
=852  41$aBritish Library$bHMNTS$jYF.2015.a.6494
=856  41$uhttp://core.cambeiro.com.ar/0-148913-21.pdf
=CAT  \\$a8157$b40$c20141229$lBLL01$h1123
=CAT  \\$a11002$b40$c20150325$lBLL01$h1155
=CAT  \\$aWR14_128$c20160226$lBLL01$h1630
=FIN  \\$aY$d20150325
=FMT  \\$a  BK
=LAS  \\$aWR14_128$b00$c20160226$lBLL01$h1630
=SRC  \\$aBLL02

