=LDR  02041 am a2200433 i 4500
=001  016992704
=003  Uk
=005  20150325085419.0
=008  131206s2013\\\\ag\\\\\\\\\\\\100\0\spa\d
=010  \\$a  2012516220
=020  \\$a9789504936947
=035  \\$a(AR-BaFGC)0-171723/0
=040  \\$aAR-BaFGC$cAR-BaFGC$dDLC$dUk$erda
=042  \\$aukblderived
=043  \\$as-ag---
=050  00$aPQ7654$b.F415 2013
=245  00$aFicciones en democracia /$cconversaciones con Silvia Hopenhayn ; Martín Kohan, Luisa Valenzuela, Juan José Becerra, Fernanda García Lao, Ana María Shua, Claudia Piñeiro, Gabriela Cabezón Cámara, Leonardo Oyola, Guillermo Martínez, Carlos Gamerro, Luis Gusmán, Pablo de Santis, Luis Chitarroni, Leopoldo Brizuela, Rodolfo Rabanal, Damián Tabarovsky.
=264  \1$aC.A.B.A. :$bPlaneta,$c[2013]
=300  \\$a227 pages ;$c21 cm
=336  \\$atext$2rdacontent
=337  \\$aunmediated$2rdamedia
=338  \\$avolume$2rdacarrier
=500  \\$a"... en la edición de la 39o Feria Internacional del Libro, se convocó a distintos autores argentinos para conversar sobre la nueva narrativa en tiempos de democracia."-- Page 8-9.
=500  \\$aPlace of publication: Buenos Aires.
=650  \0$aArgentine literature$y20th century$xHistory and criticism.
=650  \0$aArgentine literature$y21st century$xHistory and criticism.
=650  \0$aAuthors, Argentine$y20th century$vInterviews.
=650  \0$aAuthors, Argentine$y21st century$vInterviews.
=700  1\$aHopenhayn, Silvia,$einterviewer,$eeditor of compilation.
=711  2\$aFeria del Libro (Argentina)$n(39th :$d2013 :$cBuenos Aires, Argentina),$jsponsoring body.
=852  41$aBritish Library$bHMNTS$jYF.2015.a.6478
=856  41$uhttp://core.cambeiro.com.ar/0-171723-0.pdf
=CAT  \\$a8157$b40$c20141229$lBLL01$h1132
=CAT  \\$a11002$b40$c20150325$lBLL01$h0854
=CAT  \\$aBATCH-UPD$b40$c20190616$lBLL01$h2045
=FIN  \\$aY$d20150325
=FMT  \\$a  BK
=LAS  \\$aBATCH-UPD$b40$c20190616$lBLL01$h2045
=SRC  \\$aBLL02

