=LDR  01513 am a2200421 i 4500
=001  016992717
=003  Uk
=005  20150325111543.0
=008  140109s2013\\\\ag\a\\\\\b\\\\000\0\spa\d
=010  \\$a  2012516253
=020  \\$a9789505637362
=035  \\$a(AR-BaFGC)0-155160/3
=040  \\$aAR-BaFGC$cAR-BaFGC$dDLC$dUk$erda
=042  \\$aukblderived
=043  \\$as-ag---$as-bl---
=050  00$aPN1993.5.A7$bE83 2013
=245  03$aLa escena y la pantalla :$bcine contemporáneo y el retorno de lo real /$cJens Andermann y Álvaro Fernández Bravo, compiladores.
=250  \\$a1a edición.
=264  \1$aBuenos Aires, Argentina :$bEdiciones Colihue,$c[2013]
=300  \\$a298 pages :$billustrations ;$c22 cm.
=336  \\$atext$2rdacontent
=337  \\$aunmediated$2rdamedia
=338  \\$avolume$2rdacarrier
=490  0\$aA oscuras Colihue imagen
=504  \\$aIncludes bibliographical references.
=650  \0$aMotion pictures$zArgentina$xHistory.
=650  \0$aMotion pictures$zBrazil$xHistory.
=700  1\$aAndermann, Jens,$eeditor of compilation.
=700  1\$aFernández-Bravo, Alvaro,$d1964-$eeditor of compilation.
=852  41$aBritish Library$bHMNTS$jYF.2015.a.6479
=856  41$uhttp://core.cambeiro.com.ar/0-155160-3.pdf
=CAT  \\$a8157$b40$c20141229$lBLL01$h1143
=CAT  \\$a11002$b40$c20150325$lBLL01$h1115
=CAT  \\$aBATCH-UPD$b40$c20151209$lBLL01$h2139
=FIN  \\$aY$d20150325
=FMT  \\$a  BK
=LAS  \\$aBATCH-UPD$b40$c20151209$lBLL01$h2139
=SRC  \\$aBLL02

