=LDR  03700cam a2200469 i 4500
=001  016992719
=003  Uk
=005  20150721130953.0
=008  140313t20132013ag\\\\\\\b\\\\000\0\spa\d
=020  \\$a9789873612015
=020  \\$a9873612017
=035  \\$a(OCoLC)892468630
=040  \\$aAR-BaFGC$beng$cN15$dOCLCO$dEMU$dUk$erda
=042  \\$aukblderived
=043  \\$as-ag---
=050  \4$aPN1993.5.A7$bD56 2013
=245  00$aDiorama :$bensayos sobre cine contemporáneo de Córdoba /$cMarcelo Alderete [and twenty-two others] ; Alejandro Cozza, compilador.
=264  \1$aCórdoba [Argentina] :$bCaballo Negro Editora,$c[2013]
=264  \4$c©2013
=300  \\$a233 pages ;$c20 cm.
=336  \\$atext$2rdacontent
=337  \\$aunmediated$2rdamedia
=338  \\$avolume$2rdacarrier
=490  1\$aColección de la buena memoria
=490  1\$aColección Narrativa
=504  \\$aIncludes bibliographical references.
=505  0\$aIntroducción / Alejandro Cozza -- Pensar el cine desde un interior / Santiago Loza -- De caravana revisitada / Roger Koza -- Tempos Modernos : acerca de Tres D, de Rosendo Ruiz / Miguel Peirotti -- Vivir su vida : acerca de Yatasto, de Hermes Paralluelo / Eva Cáceres -- Soledad : acerca de Criada, de Matías Herrera Córdoba / Fernando Pujato -- Interior/Exterior : acerca del cine de Liliana Paolinelli / Alejandro Cozza -- La construcción de memorias : acerca de La sombra azul, de Sergio Schmucler / María Paulinelli -- La dimensión íntima : acerca del cine de Rodrigo Guerrero / Martín Iparraguirre -- Una ópera prima correcta : acerca de Salsipuedes, de Mariano Luque / Martín Álvarez -- Afinando el interior : acerca de El espacio entre los dos, de Nadir Medina / Juan José Gorasurreta -- Retratos políticos : acerca de Hipólito, de Teo Ciampagna / Alejandro Cozza --De cuerpos fragmentados : acerca de Atlántida, de Inés Barrionuevo / Marcela Gamberini -- Digresiones : acerca de Albor, de Emmanuel Figueroa / Leandro Naranjo -- Nostalgia : acerca de El grillo, de Matías Herrera Córdoba / Gastón Molayoli -- Paisajes para el cine : acerca de La laguna, de Luciano Juncos y Gastón Bottaro / Gabriel Von Sprecher -- Un frío corazón para ardientes asuntos : acerca de La sensibilidad, de Germán Scelso / Fernando Svetko -- Nadie como una mujer : acerca de Cuentas del alma, de Mario Bomheker / Adrián Savino -- Cuéntame mi historia : acerca de Fotos de familia, de Eugenia Izquierdo / Santiago González Cragnolino -- Carta de un espectador odioso : acerca de Ferroviarios, de Verónica Rocha / Ramiro Sonzini -- ¿La tierra se ha vuelto mezquina? : acerca de El seco y el mojao, de Sebastián Cáceres y Martín Paolorossi / Ezequiel Salinas -- Estallido de excepcionalidad : acerca de Embarcados, de Rodrigo Fierro / Guillermo Franco --El Calefón cine / Cecilia Barrionuevo y Marcelo Alderete -- El otoño de Liliana Paolinelli / Agustĩn Tosco Propaganda.
=650  \0$aMotion pictures$zArgentina$zCórdoba (Province)$xHistory$y21st century.
=700  1\$aAlderete, Marcelo,$econtributor.
=700  1\$aCozza, Alejandro,$eeditor of compilation.
=830  \0$aColección de la buena memoria.
=830  \0$aColección Narrativa (Caballo Negro Editora)
=852  41$aBritish Library$bHMNTS$jYF.2015.a.14665
=856  41$uhttp://core.cambeiro.com.ar/0-172855-1.pdf
=CAT  \\$a8157$b40$c20141229$lBLL01$h1144
=CAT  \\$a11002$b40$c20150721$lBLL01$h1309
=CAT  \\$aBATCH-UPD$b40$c20151202$lBLL01$h0914
=CAT  \\$aBATCH-UPD$b40$c20221124$lBLL01$h2020
=FIN  \\$aY$d20150721
=FMT  \\$a  BK
=LAS  \\$aBATCH-UPD$b40$c20221124$lBLL01$h2020
=SID  \\$aZ39$bOCLC

