=LDR  01785 am a22004217i 4500
=001  016992731
=003  Uk
=005  20160109112529.0
=008  141212s2013\\\\ag\a\\\\\b\\\\000\0\spa\d
=010  \\$a  2014510395
=020  \\$a9789872641610
=035  \\$a(AR-BaFGC)0-171082/0
=040  \\$aAR-BaFGC$beng$cAR-BaFGC$dDLC$dUk$erda
=042  \\$aukblderived
=043  \\$as-ag---
=050  00$aPN1998.3.F38$bM46 2013
=245  03$aLa memoria de los ojos :$bfilmografía completa de Leonardo Favio /$ceditor, Martín Wain ; autores: Constaza Bertolini, José María Brindisi, Javier Firpo, Hernán Guerschuny, Mariano Kairuz, Paulo Pécotra, Pablo Perantuono, Sebastián Ramos, Martín Wain.
=250  \\$a2a Ed.
=264  \1$a[Buenos Aires] :$bLa Otra Boca Editora :$bDAC, Directores Argentinos Cienmatográficos :$bLa Nave de los Sueños,$c[2013]
=300  \\$a189 pages :$billustrations ;$c25 cm
=336  \\$atext$2rdacontent
=337  \\$aunmediated$2rdamedia
=338  \\$avolume$2rdacarrier
=500  \\$aPreviously published: Buenos Aires : La Nave de los Sueños : La Otra Boca, 2011.
=504  \\$aIncludes bibliographical references (pages 188-189).
=600  10$aFavio, Leonardo$xCriticism and interpretation.
=700  1\$aWain, Martín,$d1974-$eeditor,$eauthor.
=700  12$iContainer of (work):$aKairuz, Mariano,$d1974-$tSoñar, soñar.
=852  41$aBritish Library$bHMNTS$jYF.2016.a.624
=856  41$uhttp://core.cambeiro.com.ar/0-171082-0.pdf
=CAT  \\$a8157$b40$c20141229$lBLL01$h1155
=CAT  \\$aFIX-001$c20151007$lBLL01$h1811
=CAT  \\$a10904$b40$c20160109$lBLL01$h1124
=CAT  \\$a10904$b40$c20160109$lBLL01$h1125
=FIN  \\$aY$d20160109
=FMT  \\$a  BK
=LAS  \\$a10904$b40$c20160109$lBLL01$h1125
=SRC  \\$aBLL02

