=LDR  01523 am a22004457a 4500
=001  016992756
=003  Uk
=005  20150506123924.0
=008  130502s2013\\\\ag\\\\\\\b\\\\000\0\spa\d
=020  \\$a9789500742443 (paperback)
=020  \\$a9500742446 (paperback)
=035  \\$a(OCoLC)856427579
=040  \\$aAR-BaFGC$cN15$dOCLCO$dUk
=042  \\$aukblderived
=043  \\$as-ag---
=050  \4$aF2849.2$b.C79 2013
=100  1\$aCsipka, Juan Pablo,$d1979-
=245  14$aLos 49 días de Cámpora :$bcrónica de una primavera rota /$cJuan Pablo Csipka.
=246  3\$aCuarenta y nueve días de Cámpora
=260  \\$aBuenos Aires :$bEditorial Sudamericana,$c2013.
=300  \\$a420 pages ;$c23 cm
=336  \\$atext$2rdacontent
=337  \\$aunmediated$2rdamedia
=338  \\$avolume$2rdacarrier
=504  \\$aIncludes bibliographical references (p. 411-415).
=600  10$aCámpora, Héctor J.,$d1909-
=600  10$aPerón, Juan Domingo,$d1885-1974.
=650  \0$aPeronism.
=651  \0$aArgentina$xPolitics and government$y1955-1983.
=852  41$aBritish Library$bHMNTS$jYF.2015.a.8998
=856  41$uhttp://core.cambeiro.com.ar/0-101003-78.pdf
=CAT  \\$a8157$b40$c20141229$lBLL01$h1247
=CAT  \\$a6923$b40$c20150505$lBLL01$h1156
=CAT  \\$a10904$b40$c20150506$lBLL01$h0815
=CAT  \\$a10804$b40$c20150506$lBLL01$h1239
=CAT  \\$aWR14_128$c20160226$lBLL01$h1630
=FIN  \\$aY$d20150505
=FMT  \\$a  BK
=LAS  \\$aWR14_128$b00$c20160226$lBLL01$h1630
=SID  \\$aZ39$bOCLC

