=LDR  02680 am a2200529 a 4500
=001  016992759
=003  Uk
=005  20150325081623.0
=008  120723s2012\\\\ag\a\\\\\b\\\\000\0dspa\d
=020  \\$a9789871785452
=020  \\$a9871785453
=035  \\$a(OCoLC)816261001
=040  \\$aAR-BaFGC$cN15$dOCLCO$dCUZ$dCGU$dOCLCF$dCUS$dOCLCO$dUk
=042  \\$aukblderived
=043  \\$as-ag---
=050  \4$aHV6322.3.A7$bA23 2012
=245  00$aAcá se juzga a genocidas :$bdibujos, crónicas y fotos. /$cH.I.J.O.S. por la Identidad y la Justicia contra el Olvido y el Silencio, Regional Capital Federal, UBA, Facultad de Filosofía y Letras, UBA Facultad de Ciencias Sociales, A Visuales Prilidiano Pueyrredón.
=260  \\$a[Buenos Aires?] :$bEditorial de la Facultad de Filosofía y Letras, Universidad de Buenos Aires :$bCátedra Rico, Diseño Gráfico I y II, Facultad de Arquitectura, Diseño y Urbanismo, Universidad de Buenos Aires :$bCátedra Libre de Derechos Humanos, Facultad de Filosofía y Letras, Universidad de Buenos Aires,$c[2012]
=300  \\$a177 pages :$billustrations ;$c23 cm.
=336  \\$atext$2rdacontent
=337  \\$aunmediated$2rdamedia
=338  \\$avolume$2rdacarrier
=490  1\$aColección Memoria, verdad y justicia
=504  \\$aIncludes bibliographical references.
=648  \7$a1900 - 1999$2fast
=650  \0$aDisappeared persons$zArgentina$xHistory$y20th century.
=650  \0$aVictims of state-sponsored terrorism$zArgentina$xHistory$y20th century.
=650  \0$aTrials (Crimes against humanity)$zArgentina$xHistory.
=650  \7$aDisappeared persons.$2fast$0(OCoLC)fst00894675
=650  \7$aTrials (Crimes against humanity)$2fast$0(OCoLC)fst01156320
=650  \7$aVictims of state-sponsored terrorism.$2fast$0(OCoLC)fst01166343
=651  \7$aArgentina.$2fast$0(OCoLC)fst01205614
=655  \7$aHistory.$2fast$0(OCoLC)fst01411628
=710  2\$aHijos por la Identidad y la Justicia contra el Olvido y el Silencio.
=710  2\$aUniversidad de Buenos Aires.$bFacultad de Filosofía y Letras.
=710  2\$aUniversidad de Buenos Aires.$bFacultad de Ciencias Sociales.
=710  2\$aInstituto Universitario Nacional del Arte.$bDepartamento de Artes Visuales Prilidiano Pueyrredón.
=830  \0$aColección Memoria, verdad y justicia.
=852  41$aBritish Library$bHMNTS$jYF.2015.a.6477
=856  41$uhttp://core.cambeiro.com.ar/0-166750-1.pdf
=CAT  \\$a8157$b40$c20141229$lBLL01$h1251
=CAT  \\$a11002$b40$c20150325$lBLL01$h0816
=CAT  \\$aWR14_128$c20160226$lBLL01$h1630
=FIN  \\$aY$d20150325
=FMT  \\$a  BK
=LAS  \\$aWR14_128$b00$c20160226$lBLL01$h1630
=SID  \\$aZ39$bOCLC

