=LDR  01485cam a22004337i 4500
=001  016992769
=003  Uk
=005  20150505112531.0
=008  140519s2013\\\\ag\\\\\\\\\\\\001\0bspa\d
=020  \\$a9789507544279 (paperback)
=020  \\$a9507544275 (paperback)
=035  \\$a(OCoLC)894480274
=040  \\$aAR-BaFGC$beng$cN15$dOCLCO$dUk$erda
=042  \\$aukblderived
=043  \\$as-ag---
=050  \4$aHX183.8.A46$bA3 2013
=100  1\$aAlmeyra, Guillermo,$d1928-$eauthor.
=245  10$aMilitante crítico :$buna vida de lucha sin concesiones /$cGuillermo Almeyra.
=250  \\$a1a edición.
=264  \1$aBuenos Aires, Argentina :$bPeña Lillo, Ediciones Continente,$c2013.
=300  \\$a383 pages ;$c23 cm.
=336  \\$atext$2rdacontent
=337  \\$aunmediated$2rdamedia
=338  \\$avolume$2rdacarrier
=490  0\$aBiblioteca artillería del pensamiento
=500  \\$aIncludes index.
=600  10$aAlmeyra, Guillermo,$d1928-
=650  \0$aCommunists$zArgentina$vBiography.
=651  \0$aArgentina$xPolitics and government$y1943-
=852  41$aBritish Library$bHMNTS$jYF.2015.a.8796
=856  41$uhttp://core.cambeiro.com.ar/0-156261-12.pdf
=CAT  \\$a8157$b40$c20141229$lBLL01$h1328
=CAT  \\$a6923$b40$c20150505$lBLL01$h1125
=CAT  \\$aBATCH-UPD$b40$c20160527$lBLL01$h2021
=CAT  \\$aW2308-1659$c20230923$lBLL01$h1028
=FIN  \\$aY$d20150505
=FMT  \\$a  BK
=LAS  \\$aW2308-1659$b00$c20230923$lBLL01$h1028
=SID  \\$aZ39$bOCLC

