=LDR  01625 am a2200433 i 4500
=001  016992780
=003  Uk
=005  20150416091934.0
=008  140509s2013\\\\ag\\\\\\\b\\\f000\0\spa\d
=020  \\$a9789871741861
=020  \\$a9871741863
=035  \\$a(OCoLC)894480478
=040  \\$aAR-BaFGC$beng$cN15$dOCLCO$dNYP$dUk$erda
=042  \\$aukblderived
=050  \4$aBR100$b.R69 2013
=100  1\$aRozitchner, León,$eauthor.
=240  10$aWorks.$kSelections
=245  10$aCuestiones cristianas /$cLeón Rozitchner ; selección, compilación y textos preliminares: Cristian Sucksdorf, Diego Sztulwark.
=264  \1$aCiudad Autónoma de Buenos Aires :$bEdiciones Biblioteca Nacional,$c[2013]
=300  \\$a134 pages ;$c23 cm.
=336  \\$atext$2rdacontent
=337  \\$aunmediated$2rdamedia
=338  \\$avolume$2rdacarrier
=490  0\$aObras
=504  \\$aIncludes bibliographical references.
=505  0\$aLa Biblia judía y el calefón cristiano -- Malas lenguas -- Cristo, el hijo que se vuelve loco de amor por su madre.
=650  \0$aChristianity$xPhilosophy.
=700  1\$aSucksdorf, Cristian,$eeditor.
=700  1\$aSztulwark, Diego,$eeditor.
=700  1\$aRozitchner, León.$tBiblia judía y el calefón cristiano.
=852  41$aBritish Library$bHMNTS$jYF.2015.a.7837
=856  41$uhttp://core.cambeiro.com.ar/0-170082-3.pdf
=CAT  \\$a8157$b40$c20141229$lBLL01$h1339
=CAT  \\$a11002$b40$c20150416$lBLL01$h0919
=CAT  \\$aBATCH-UPD$b40$c20170129$lBLL01$h2121
=FIN  \\$aY$d20150416
=FMT  \\$a  BK
=LAS  \\$aBATCH-UPD$b40$c20170129$lBLL01$h2121
=SID  \\$aZ39$bOCLC

