=LDR  01658cam a22004457i 4500
=001  016992782
=003  Uk
=005  20150505133313.0
=008  140509s2013\\\\ag\\\\\\\b\\\f000\0\spa\d
=020  \\$a9789871741762 (paperback)
=020  \\$a9871741766 (paperback)
=035  \\$a(OCoLC)894480479
=040  \\$aAR-BaFGC$beng$cN15$dUk$erda
=042  \\$aukblderived
=050  \4$aB2430.L484$bR69 2013
=100  1\$aRozitchner, León,$eauthor.
=240  10$aWorks.$kSelections
=245  10$aLevinas :$bo la filosofía de la consolación /$cLeón Rozitchner ; selección, compilación y textos preliminares: Cristian Sucksdorf, Diego Sztulwark.
=264  \1$aCiudad Autónoma de Buenos Aires :$bEdiciones Biblioteca Nacional,$c2013.
=300  \\$a203 pages ;$c23 cm.
=336  \\$atext$2rdacontent
=337  \\$aunmediated$2rdamedia
=338  \\$avolume$2rdacarrier
=490  0\$aObras
=504  \\$aIncludes bibliographical references.
=505  0\$aLevinas : o la filosofía de la consolación -- Primero hay que saber vivir.
=600  10$aLévinas, Emmanuel.
=700  1\$aSucksdorf, Cristian,$eeditor.
=700  1\$aSztulwark, Diego,$eeditor.
=700  12$aRozitchner, León.$tPrimero hay que saber vivir.
=852  41$aBritish Library$bHMNTS$jYF.2015.a.8785
=856  41$uhttp://core.cambeiro.com.ar/0-170082-2.pdf
=CAT  \\$a8157$b40$c20141229$lBLL01$h1340
=CAT  \\$a6923$b40$c20150505$lBLL01$h1333
=CAT  \\$aBATCH-UPD$b40$c20170129$lBLL01$h2121
=CAT  \\$aW2308-1659$c20230923$lBLL01$h1028
=FIN  \\$aY$d20150505
=FMT  \\$a  BK
=LAS  \\$aW2308-1659$b00$c20230923$lBLL01$h1028
=SID  \\$aZ39$bOCLC

