=LDR  01442cam a22004217i 4500
=001  016992783
=003  Uk
=005  20151009121859.0
=008  140305s2014\\\\ag\af\\\\\\\\\000\0\spa\d
=020  \\$a9789871786626 (paperback)
=020  \\$a987178662X (paperback)
=035  \\$a(OCoLC)883186877
=040  \\$aAR-BaFGC$beng$cN15$dOCLCO$dUk$erda
=042  \\$aukblderived
=043  \\$as-ag---
=050  \4$aF2849.3$b.R87 2014
=100  1\$aRusso, Sandra,$eauthor.
=245  10$aFuerza propia :$bLa Cámpora por dentro /$cSandra Russo.
=250  \\$aSegunda edición.
=264  \1$a[Buenos Aires] :$bDebate,$c[2014]
=300  \\$a319 pages, 32 unnumbered pages of plates :$bcolor illustrations ;$c23 cm
=336  \\$atext$2rdacontent
=337  \\$aunmediated$2rdamedia
=338  \\$avolume$2rdacarrier
=610  20$aCámpora (Organization : Argentina)
=650  \0$aYouth$xPolitical activity$zArgentina$xHistory$y21st century.
=650  \0$aPeronism.
=651  \0$aArgentina$xPolitics and government$y2002-
=852  41$aBritish Library$bHMNTS$jYF.2015.a.8800
=856  41$uhttp://core.cambeiro.com.ar/0-155632-16.pdf
=CAT  \\$a8157$b40$c20141229$lBLL01$h1341
=CAT  \\$a6923$b40$c20150505$lBLL01$h1345
=CAT  \\$a7416$b40$c20151009$lBLL01$h1218
=CAT  \\$aW2308-1659$c20230923$lBLL01$h1028
=FIN  \\$aY$d20150505
=FMT  \\$a  BK
=LAS  \\$aW2308-1659$b00$c20230923$lBLL01$h1028
=SID  \\$aZ39$bOCLC

