=LDR  01483cam a22004217i 4500
=001  016992785
=003  Uk
=005  20150415100254.0
=008  140404s2013\\\\ag\\\\\\\b\\\\000\0\spa\d
=020  \\$a9789873621000
=020  \\$a9873621008
=035  \\$a(OCoLC)896871784
=040  \\$aAR-BaFGC$beng$cN15$dOCLCO$dUk$erda
=042  \\$aukblderived
=043  \\$as-cl---
=050  \4$aF3060$b.V55 2013
=100  1\$aVillalobos-Ruminott, Sergio,$eauthor.
=245  10$aSoberanías en suspenso :$bviolencia e imaginación en América Latina /$cSergio Villalobos-Ruminott.
=264  \1$a[Avellaneda?, Argentina] :$bLa Cebra,$c[2013]
=300  \\$a302 pages ;$c21 cm
=336  \\$atext$2rdacontent
=337  \\$aunmediated$2rdamedia
=338  \\$avolume$2rdacarrier
=504  \\$aIncludes bibliographical references (pages 287-302).
=651  \0$aChile$xCivilization$y20th century.
=651  \0$aChile$xHistory$yCoup d'état, 1973$xPhilosophy.
=651  \0$aChile$xHistory$y1973-1988$xPhilosophy.
=852  41$aBritish Library$bHMNTS$jYF.2015.a.7566
=856  41$uhttp://core.cambeiro.com.ar/0-171450-0.pdf
=CAT  \\$a8157$b40$c20141229$lBLL01$h1344
=CAT  \\$aBATCH-UPD$b40$c20150415$lBLL01$h0947
=CAT  \\$a11002$b40$c20150415$lBLL01$h1002
=CAT  \\$aW2308-1659$c20230923$lBLL01$h1028
=CAT  \\$aBATCH-UPD$b00$c20230925$lBLL01$h0830
=FIN  \\$aY$d20150415
=FMT  \\$a  BK
=LAS  \\$aBATCH-UPD$b00$c20230925$lBLL01$h0830
=SID  \\$aZ39$bOCLC

