=LDR  01744cam a22004457i 4500
=001  016992806
=003  Uk
=005  20150722090159.0
=008  140326s2013\\\\ag\a\\\\\b\\\\000\0\spa\d
=020  \\$a9789871921218
=020  \\$a9871921217
=035  \\$a(OCoLC)883186901
=040  \\$aAR-BaFGC$beng$cN15$dOCLCO$dUk$erda
=042  \\$aukblderived
=043  \\$as-ag---
=050  \4$aJC599.A72$bM37 2013
=100  1\$aAndriotti Romanin, Enrique,$eauthor.
=245  10$aMemorias en conflicto :$bel movimiento de derechos humanos y la construcción del juicio por la verdad de Mar del Plata /$cEnrique Andriotti Romanin.
=264  \1$aMar del Plata, Argentina :$bEUDEM,$c2013.
=300  \\$a267 pages :$billustrations ;$c22 cm.
=336  \\$atext$2rdacontent
=337  \\$aunmediated$2rdamedia
=338  \\$avolume$2rdacarrier
=490  0\$aColección Temas de ciudadanía y política
=500  \\$aOriginally presented as the author's thesis (doctoral)--Universidad Nacional de General Sarmiento, 2011.
=504  \\$aIncludes bibliographical references (pages 255-267).
=650  \0$aHuman rights$zArgentina$zMar del Plata.
=650  \0$aTruth comissions$zArgentina$zMar del Plata.
=650  \0$aDisappeared persons$zArgentina$zMar del Plata.
=651  \0$aArgentina$xPolitics and government$y2002-
=852  41$aBritish Library$bHMNTS$jYF.2015.a.14593
=856  41$uhttp://core.cambeiro.com.ar/0-171750-1.pdf
=CAT  \\$a8157$b40$c20141229$lBLL01$h1401
=CAT  \\$a11131$b40$c20150722$lBLL01$h0901
=CAT  \\$aBATCH-UPD$b40$c20191125$lBLL01$h2020
=CAT  \\$aW2308-1659$c20230923$lBLL01$h1028
=FIN  \\$aY$d20150722
=FMT  \\$a  BK
=LAS  \\$aW2308-1659$b00$c20230923$lBLL01$h1028
=SID  \\$aZ39$bOCLC

