=LDR  01817 am a2200505 i 4500
=001  016992823
=003  Uk
=005  20150415073744.0
=008  131211s2013\\\\ag\\\\\\\\\\\\000\0\spa\d
=020  \\$a9789876282857
=020  \\$a9876282859
=035  \\$a(OCoLC)882447613
=040  \\$aAR-BaFGC$beng$cN15$dOCLCO$dOCLCF$dCUY$dUk$erda
=042  \\$aukblderived
=043  \\$as-ag---$an-us---
=050  \4$aHJ8569$b.B87 2013
=100  1\$aBurgueño, Carlos,$d1968-$eauthor.
=245  14$aLos buitres :$bhistoria oculta de la mayor operación financiera contra la Argentina /$cCarlos Burgueño.
=250  \\$aPrimera edición.
=264  \1$aBuenos Aires :$bEdhasa,$c2013.
=300  \\$a250 pages ;$c23 cm
=336  \\$atext$2rdacontent
=337  \\$aunmediated$2rdamedia
=338  \\$avolume$2rdacarrier
=648  \7$a2000 - 2099$2fast
=650  \0$aDebt relief$zArgentina$xHistory$y21st century.
=650  \0$aDefault (Finance)$zArgentina.
=650  \0$aDebts, External$zArgentina$xHistory$y21st century.
=650  \0$aTrials$zUnited States.
=650  \7$aDebt relief.$2fast$0(OCoLC)fst00888793
=650  \7$aDebts, External.$2fast$0(OCoLC)fst00888828
=650  \7$aDefault (Finance)$2fast$0(OCoLC)fst00889572
=650  \7$aTrials.$2fast$0(OCoLC)fst01156290
=651  \7$aArgentina.$2fast$0(OCoLC)fst01205614
=651  \7$aUnited States.$2fast$0(OCoLC)fst01204155
=655  \7$aHistory.$2fast$0(OCoLC)fst01411628
=852  41$aBritish Library$bHMNTS$jYF.2015.a.7570
=856  41$uhttp://core.cambeiro.com.ar/0-171761-0.pdf
=CAT  \\$a8157$b40$c20141229$lBLL01$h1414
=CAT  \\$a11002$b40$c20150415$lBLL01$h0737
=CAT  \\$aBATCH-UPD$b40$c20190130$lBLL01$h2023
=FIN  \\$aY$d20150415
=FMT  \\$a  BK
=LAS  \\$aBATCH-UPD$b40$c20190130$lBLL01$h2023
=SID  \\$aZ39$bOCLC

