=LDR  01799 am a2200457 i 4500
=001  016992828
=003  Uk
=005  20150721141002.0
=008  131118s2013\\\\ag\\\\\\\b\\\f100\0\spa\d
=010  \\$a  2012516262
=020  \\$a9789876301572
=035  \\$a(AR-BaFGC)0-171207/2
=040  \\$aAR-BaFGC$cAR-BaFGC$dDLC$dUk$erda
=041  0\$aspa$apor
=042  \\$aukblderived
=043  \\$as-ag---$as-bl---
=050  00$aF2833.5.B7$bP37 2013
=245  00$aPasso da Guanxuma :$bcontactos culturales entre Brasil y Argentina /$cIsis Costa McElroy y Eduardo Muslip, coordinadores ; autores, Gonzalo Aguilar [and twenty six others].
=264  \1$aLos Polvorines, Prov. de Buenos Aires, Argentina :$bUniversidad Nacional de General Sarmiento,$c[2013]
=300  \\$a239 pages ;$c21 cm.
=336  \\$atext$2rdacontent
=337  \\$aunmediated$2rdamedia
=338  \\$avolume$2rdacarrier
=490  0\$aColección Humanidades
=504  \\$aIncludes bibliographical references.
=546  \\$aTexts mainly in Spanish; four articles in Portuguese.
=651  \0$aArgentina$xRelations$zBrazil$vCongresses.
=651  \0$aBrazil$xRelations$zArgentina$vCongresses.
=700  1\$aMcElroy, Isis Costa,$eeditor.
=700  1\$aMuslip, Eduardo,$d1965-$eeditor of compilation.
=711  2\$aEncuentro Cultural Passo da Guanxuma$d(2009 :$cUniversidad Nacional de General Sarmiento)
=852  41$aBritish Library$bHMNTS$jYF.2015.a.14681
=856  41$uhttp://core.cambeiro.com.ar/0-171207-2.pdf
=CAT  \\$a8157$b40$c20141229$lBLL01$h1417
=CAT  \\$aBATCH-UPD$b40$c20141229$lBLL01$h1417
=CAT  \\$a11002$b40$c20150721$lBLL01$h1410
=CAT  \\$aBATCH-UPD$b40$c20151017$lBLL01$h1753
=FIN  \\$aY$d20150721
=FMT  \\$a  BK
=LAS  \\$aBATCH-UPD$b40$c20151017$lBLL01$h1753
=SRC  \\$aBLL02

