=LDR  01558 am a2200421 i 4500
=001  016992836
=003  Uk
=005  20150325072108.0
=008  130930s2013\\\\ag\a\\\\\b\\\\000\0\spa\d
=010  \\$a  2012516284
=020  \\$a9789875582620
=035  \\$a(AR-BaFGC)0-103476/23
=040  \\$aAR-BaFGC$cAR-BaFGC$dDLC$dUk$erda
=042  \\$aukblderived
=043  \\$as-ag---
=050  00$aHD1865.P35$bM89 2013
=100  1\$aMuzlera, José,$eauthor.
=245  13$aLa modernidad tardía en el agro pampeano :$bsujetos agrarios y estructura productiva /$cJosé Muzlera.
=264  \1$aBernal, Buenos Aires [Argentina] :$bUniversidad Nacional de Quilmes Editorial,$c2013.
=300  \\$a231 pages :$billustrations ;$c23 cm.
=336  \\$atext$2rdacontent
=337  \\$aunmediated$2rdamedia
=338  \\$avolume$2rdacarrier
=490  0\$aColección Convergencia
=500  \\$aBased on the author's thesis (doctoral)--Universidad Nacional de Quilmes.
=504  \\$aIncludes bibliographical references.
=650  \0$aAgriculture$xSocial aspects$zArgentina$zPampas.
=650  \0$aAgriculture$xEconomic aspects$zArgentina$zPampas.
=650  \0$aFarmers$zArgentina$zPampas$xSocial conditions.
=651  \0$aArgentina$xRural conditions.
=852  41$aBritish Library$bHMNTS$jYF.2015.a.6481
=856  41$uhttp://core.cambeiro.com.ar/0-103476-23.pdf
=CAT  \\$a8157$b40$c20141229$lBLL01$h1422
=CAT  \\$a11002$b40$c20150325$lBLL01$h0721
=FIN  \\$aY$d20150325
=FMT  \\$a  BK
=LAS  \\$a11002$b40$c20150325$lBLL01$h0721
=SRC  \\$aBLL02

