=LDR  01503 am a22004334a 4500
=001  016992852
=003  Uk
=005  20150325075113.0
=008  130304s2012\\\\ag\\\\\\\b\\\\000\0\spa\d
=010  \\$a  2012519834
=020  \\$a9789875745780
=035  \\$a(AR-BaFGC)0-145385/10
=040  \\$aAR-BaFGC$cAR-BaFGC$dDLC$dUk
=042  \\$aukblderived
=043  \\$as-ag---
=050  00$aJL2081$b.S56 2012
=245  00$aSin programa, sin promesa :$bliderazgos y procesos electorales en Argentina /$cIsidoro Cheresky y Rocío Annunziata, compiladores.
=260  \\$aBuenos Aires :$bPrometeo Libros,$cc2012.
=300  \\$a433 p. ;$c22 cm.
=336  \\$atext$2rdacontent
=337  \\$aunmediated$2rdamedia
=338  \\$avolume$2rdacarrier
=490  0\$aColección Democracia, partidos y elecciones
=504  \\$aIncludes bibliographical references.
=650  \0$aRepresentative government and representation$zArgentina.
=650  \0$aPolitical leadership$zArgentina.
=650  \0$aElections$zArgentina.
=651  \0$aArgentina$xPolitics and government$y2002-
=700  1\$aCheresky, Isidoro.
=700  1\$aAnnunziata, Rocío.
=852  41$aBritish Library$bHMNTS$jYF.2015.a.6472
=856  41$uhttp://core.cambeiro.com.ar/0-145385-10.pdf
=CAT  \\$a8157$b40$c20141229$lBLL01$h1524
=CAT  \\$a11002$b40$c20150325$lBLL01$h0751
=CAT  \\$aWR14_128$c20160226$lBLL01$h1630
=FIN  \\$aY$d20150325
=FMT  \\$a  BK
=LAS  \\$aWR14_128$b00$c20160226$lBLL01$h1630
=SRC  \\$aBLL02

