=LDR  01419cam a22004094a 4500
=001  016992861
=003  Uk
=005  20150325092749.0
=008  130128s2012\\\\ag\ab\\\\b\\\\000\0\spa\d
=010  \\$a  2012519612
=020  \\$a9789871758128
=035  \\$a(AR-BaFGC)0-168813/1
=040  \\$aAR-BaFGC$cAR-BaFGC$dDLC$dUk
=042  \\$aukblderived
=043  \\$as-ag---
=050  00$aGF532.A7$bB725 2012
=100  1\$aBrailovsky, Antonio Elio.
=245  10$aHistoria ecológica de la Ciudad de Buenos Aires /$cAntonio Elio Brailovsky ; prólogo de Javier Corcuera.
=260  \\$aBuenos Aires :$bEdiciones Kaicron,$cc2012.
=300  \\$a452 p. :$bill., maps ;$c23 cm.
=336  \\$atext$2rdacontent
=337  \\$aunmediated$2rdamedia
=338  \\$avolume$2rdacarrier
=490  0\$aColección Ecología
=504  \\$aIncludes bibliographical references.
=650  \0$aHuman ecology$zArgentina$zBuenos Aires$xHistory.
=651  \0$aBuenos Aires (Argentina)$xEnvironmental conditions$xHistory.
=852  41$aBritish Library$bHMNTS$jYF.2015.a.6487
=856  41$uhttp://core.cambeiro.com.ar/0-168813-1.pdf
=CAT  \\$a8157$b40$c20141229$lBLL01$h1543
=CAT  \\$a11002$b40$c20150325$lBLL01$h0927
=CAT  \\$aWR14_128$c20160226$lBLL01$h1630
=CAT  \\$aW2308-1659$c20230923$lBLL01$h1028
=FIN  \\$aY$d20150325
=FMT  \\$a  BK
=LAS  \\$aW2308-1659$b00$c20230923$lBLL01$h1028
=SRC  \\$aBLL02

