=LDR  01585 am a2200433 i 4500
=001  016992868
=003  Uk
=005  20150415083448.0
=008  131002s2013\\\\ag\\\\\\\b\\\\000\0dspa\d
=010  \\$a  2012516210
=020  \\$a9789500744829
=035  \\$a(AR-BaFGC)0-109555/80
=040  \\$aAR-BaFGC$cAR-BaFGC$dDLC$dUk$erda
=042  \\$aukblderived
=043  \\$as-ag---$ae-yu---
=050  00$aF2849$b.M49 2013
=100  1\$aMontes de Oca, Ignacio,$eauthor.
=245  10$aUstashas :$bel ejército nazi de Perón y el Vaticano /$cIgnacio Montes de Oca.
=264  \1$aBuenos Aires :$bSudamericana,$c[2013]
=300  \\$a318 pages ;$c23 cm
=336  \\$atext$2rdacontent
=337  \\$aunmediated$2rdamedia
=338  \\$avolume$2rdacarrier
=504  \\$aIncludes bibliographical references (pages 307-311).
=610  20$aCatholic Church$xPolitical activity$xHistory$y20th century.
=650  \0$aNazis$zArgentina$xHistory$y20th century.
=650  \0$aWar criminals$zYugoslavia$xHistory$y20th century.
=650  \0$aWar criminals$zArgentina$xHistory$y20th century.
=650  \0$aIllegal arms transfers$zArgentina$xHistory$y20th century.
=651  \0$aArgentina$xPolitics and government$y1943-1955.
=852  41$aBritish Library$bHMNTS$jYF.2015.a.7632
=856  41$uhttp://core.cambeiro.com.ar/0-109555-80.pdf
=CAT  \\$a8157$b40$c20141229$lBLL01$h1559
=CAT  \\$a11002$b40$c20150415$lBLL01$h0834
=CAT  \\$aBATCH-UPD$b40$c20170425$lBLL01$h1255
=FIN  \\$aY$d20150415
=FMT  \\$a  BK
=LAS  \\$aBATCH-UPD$b40$c20170425$lBLL01$h1255
=SRC  \\$aBLL02

