=LDR  01460cam a22003737i 4500
=001  016992869
=003  Uk
=005  20141229160030.0
=008  140131s2013\\\\ag\a\\\\\b\\\\000\0dspa\d
=020  \\$a9789870268123
=020  \\$a9870268129
=035  \\$a(OCoLC)883186997
=040  \\$aAR-BaFGC$beng$cN15$erda
=043  \\$as-ag---
=050  \4$aHD9574.A73$bN487 2013
=245  00$aPetróleo y colonización /$cDr. Rodolfo Lauro Moreno, Ing. Héctor Giordano, Téc. Héctor Antonio Mendiberri, Ing. Federico Francisco Soufal.
=264  \1$aBuenos Aires :$bEditorial Dunken,$c2013.
=300  \\$a359 pages :$billustrations ;$c23 cm
=336  \\$atext$2rdacontent
=337  \\$aunmediated$2rdamedia
=338  \\$avolume$2rdacarrier
=504  \\$aIncludes bibliographical references (pages 353-354).
=610  20$aYacimientos Petrolíferos Fiscales (Argentina)$xHistory.
=650  \0$aPetroleum industry and trade$zArgentina$zNeuquén (Province)$xHistory$y20th century.
=700  1\$aMoreno, Rodolfo Lauro,$d1922-$eauthor,$eeditor of compilation.
=852  41$aBritish Library$bHMNTS$jYF.2016.a.12605
=856  41$uhttp://core.cambeiro.com.ar/0-172134-0.pdf
=CAT  \\$a8157$b40$c20141229$lBLL01$h1600
=CAT  \\$aBATCH-UPD$b40$c20151116$lBLL01$h2048
=CAT  \\$aBATCH-UPD$b40$c20160115$lBLL01$h0223
=CAT  \\$aW2308-1659$c20230923$lBLL01$h1028
=FMT  \\$a  BK
=LAS  \\$aW2308-1659$b00$c20230923$lBLL01$h1028
=SID  \\$aZ39$bOCLC

