=LDR  01549 am a2200397 i 4500
=001  016992881
=003  Uk
=005  20160116110643.0
=008  141010s2014\\\\ag\a\\\\\b\\\\000\0\spa\d
=010  \\$a  2014510091
=020  \\$a9789871855704
=035  \\$a(AR-BaFGC)0-154500/26
=040  \\$aAR-BaFGC$beng$cAR-BaFGC$dDLC$dUk$erda
=042  \\$aukblcatcopy
=043  \\$as-ag---
=050  00$aF2823.T7$bD35 2014
=100  1\$aDalla Corte, Gabriela,$eauthor.
=245  10$aSan Francisco de Asís del Laishí :$bsensibilidades tobas y franciscanas en una misión indígena (Formosa, 1900-1955) /$cGabriela Dalla-Corte Caballero.
=264  \1$aRosario, Argentina :$bProhistoria Ediciones,$c2014.
=300  \\$a277 pages :$billustrations ;$c23 cm.
=336  \\$atext$2rdacontent
=337  \\$aunmediated$2rdamedia
=338  \\$avolume$2rdacarrier
=490  0\$aColección Historia argentina
=504  \\$aIncludes bibliographical references.
=610  20$aMisión Indígena Nuestro Padre San Fransico de Asís del Laishí (Argentina)
=650  \0$aToba Indians$xMissions$zArgentina$zFormosa (Province)$xHistory$y20th century.
=650  \0$aFranciscans$xMissions$zArgentina$zFormosa (Province)$xHistory$y20th century.
=852  41$aBritish Library$bHMNTS$jYF.2016.a.1286
=856  41$uhttp://core.cambeiro.com.ar/0-154500-26.pdf
=CAT  \\$a8157$b40$c20141229$lBLL01$h1611
=CAT  \\$a11002$b40$c20160116$lBLL01$h1106
=FIN  \\$aY$d20160116
=FMT  \\$a  BK
=LAS  \\$a11002$b40$c20160116$lBLL01$h1106
=SRC  \\$aBLL02

