=LDR  01824 am a2200433 i 4500
=001  016992885
=003  Uk
=005  20150721135915.0
=008  131101s2013\\\\ag\\\\\\\b\\\\001\0\spa\d
=010  \\$a  2012516282
=020  \\$a9789876301633
=035  \\$a(AR-BaFGC)0-171207/1
=040  \\$aAR-BaFGC$cAR-BaFGC$dDLC$dUk$erda
=042  \\$aukblderived
=043  \\$as-ag---
=050  00$aBX1462.2$b.M374 2013
=100  1\$aMartín, José Pablo,$einterviewer.
=245  10$aRuptura ideológica del catolicismo argentino :$b36 entrevistas entre 1988 y 1992 /$cJosé Pablo Martín.
=264  \1$aLos Polvorines, Prov. de Buenos Aires, Argentina :$bUniversidad Nacional de General Sarmiento,$c[2013]
=300  \\$a476 pages ;$c22 cm.
=336  \\$atext$2rdacontent
=337  \\$aunmediated$2rdamedia
=338  \\$avolume$2rdacarrier
=490  0\$aColección Humanidades
=500  \\$aSelection of interviews conducted by Martín as documentary support for his research, published as: Movimiento de Sacerdotes para el Tercer Mundo.-- San Antonio de Padua : Ediciones Castañeda ; Buenos Aires : Ediciones Guadalupe, 1992.
=504  \\$aIncludes bibliographical references and index.
=610  20$aMovimiento de Sacerdotes para el Tercer Mundo.
=610  20$aCatholic Church$zArgentina$xClergy$xHistory$y20th century.
=610  20$aCatholic Church$zArgentina$xClergy$vInterviews.
=651  \0$aArgentina$xChurch history$y20th century.
=852  41$aBritish Library$bHMNTS$jYF.2015.a.14501
=856  41$uhttp://core.cambeiro.com.ar/0-171207-1.pdf
=CAT  \\$a8157$b40$c20141229$lBLL01$h1614
=CAT  \\$a11002$b40$c20150721$lBLL01$h1359
=CAT  \\$aBATCH-UPD$b40$c20170425$lBLL01$h1255
=FIN  \\$aY$d20150721
=FMT  \\$a  BK
=LAS  \\$aBATCH-UPD$b40$c20170425$lBLL01$h1255
=SRC  \\$aBLL02

