=LDR  01335 am a2200397 a 4500
=001  016992886
=003  Uk
=005  20150602114558.0
=008  111115s2011\\\\ag\\\\\\\b\\\\000\0\spa\d
=010  \\$a  2011438792
=020  \\$a9789876143110
=035  \\$a(AR-BaFGC)0-155674/5
=040  \\$aAR-BaFGC$cAR-BaFGC$dDLC$dUk
=042  \\$aukblderived
=043  \\$as-ag---
=050  00$aF2848$b.O84 2011
=100  1\$aOtero, Álvaro Carlos.
=245  13$aLa revolución de los palanganas :$b1930, el primer traspié de la Argentina democrática /$cÁlvaro Carlos Otero.
=260  \\$aBuenos Aires :$bCapital Intelectual,$cc2011.
=300  \\$a309 p. ;$c20 cm.
=336  \\$atext$2rdacontent
=337  \\$aunmediated$2rdamedia
=338  \\$avolume$2rdacarrier
=490  0\$aClaves de la historia
=504  \\$aIncludes bibliographical references.
=651  \0$aArgentina$xHistory$yRevolution, 1930.
=651  \0$aArgentina$xPolitics and government$y1910-1943.
=852  41$aBritish Library$bHMNTS$jYF.2015.a.10825
=856  41$uhttp://core.cambeiro.com.ar/0-155674-5.pdf
=CAT  \\$a8157$b40$c20141229$lBLL01$h1616
=CAT  \\$a11002$b40$c20150602$lBLL01$h1145
=CAT  \\$aWR14_128$c20160226$lBLL01$h1630
=FIN  \\$aY$d20150602
=FMT  \\$a  BK
=LAS  \\$aWR14_128$b00$c20160226$lBLL01$h1630
=SRC  \\$aBLL02

