=LDR  01925 am a22004817i 4500
=001  016992889
=003  Uk
=005  20150506130434.0
=008  150130s2013\\\\ag\a\\\\\bm\\f000\0\spa\d
=010  \\$a  2014510438
=020  \\$a9789872988005 (paperback)
=035  \\$a(AR-BaFGC)0-176992/1
=040  \\$aAR-BaFGC$beng$cAR-BaFGC$dDLC$dUk$erda
=042  \\$aukblderived
=043  \\$as-ag---
=050  00$aHV6322.3.A7$bS36 2013
=100  1\$aSchnyder, Celeste,$eauthor.
=245  10$aPolítica y violencia :$bSantiago del Estero 1995-2004 /$cCeleste Schnyder.
=264  \1$aSantiago del Estero, Argentina :$bEDUNSE,$c2013.
=300  \\$a196 pages :$billustrations ;$c22 cm.
=336  \\$atext$2rdacontent
=337  \\$aunmediated$2rdamedia
=338  \\$avolume$2rdacarrier
=490  0\$aColección Ciencia y técnica
=500  \\$aAppendix with facsimiles: pages 189-196.
=502  \\$bDoctoral$cUniversidad Nacional de Rosario$d2011.
=504  \\$aIncludes bibliographical references.
=650  \0$aState-sponsored terrorism$zArgentina$zSantiago del Estero (Province)$vCase studies.
=650  \0$aDemocracy$zArgentina$zSantiago del Estero (Province)$vCase studies.
=650  \0$aPolice$xPolitical aspects$zArgentina$zSantiago del Estero (Province)$vCase studies.
=651  \0$aSantiago del Estero (Argentina : Province)$xPolitics and government$y20th century.
=651  \0$aSantiago del Estero (Argentina : Province)$xPolitics and government$y21st century.
=852  41$aBritish Library$bHMNTS$jYF.2015.a.8997
=856  41$uhttp://core.cambeiro.com.ar/0-176992-1.pdf
=985  \\$eGC-FY15
=CAT  \\$a8157$b40$c20141229$lBLL01$h1620
=CAT  \\$a6923$b40$c20150505$lBLL01$h1356
=CAT  \\$a10804$b40$c20150506$lBLL01$h1304
=CAT  \\$aBATCH-UPD$b40$c20160330$lBLL01$h1628
=FIN  \\$aY$d20150505
=FMT  \\$a  BK
=LAS  \\$aBATCH-UPD$b40$c20160330$lBLL01$h1628
=SID  \\$aZ39$bLOC

