=LDR  01648 am a22004577i 4500
=001  016993654
=003  Uk
=005  20150506124635.0
=008  150205s2014\\\\ag\a\\\\\b\\\f000\0dspa\d
=010  \\$a  2014510532
=020  \\$a9789871676071 (paperback)
=035  \\$a(AR-BaFGC)0-176994/2
=040  \\$aAR-BaFGC$beng$cAR-BaFGC$dDLC$dUk$erda
=041  0\$aspa$aque
=042  \\$aukblderived
=043  \\$as-ag---
=050  00$aGR133.A72$bC362 2014
=100  1\$aAndreani, Héctor,$eauthor.
=245  10$aQuichuas, picardías y zorros :$bconflictos y tácticas en una comunidad bilingüe /$cHéctor Andreani.
=264  \1$aSantiago del Estero, Argentina :$bEDUNSE,$c[2014]
=300  \\$a251 pages :$billustrations ;$c22 cm.
=336  \\$atext$2rdacontent
=337  \\$aunmediated$2rdamedia
=338  \\$avolume$2rdacarrier
=490  0\$aColección Sociedad y cultura
=504  \\$aIncludes bibliographical references (pages 241-251).
=546  \\$aPredominantly in Spanish, with tales both in Quechua and Spanish.
=650  \0$aTales$zArgentina$zCardón Esquina$xHistory and criticism.
=650  \0$aFoxes$xFolklore.
=650  \0$aQuechua language$zArgentina$zCardón Esquina.
=650  \0$aBilingualism$zArgentina$zCardón Esquina.
=852  41$aBritish Library$bHMNTS$jYF.2015.a.9001
=856  41$uhttp://core.cambeiro.com.ar/0-176994-2.pdf
=985  \\$eGC-FY15
=CAT  \\$a8157$b40$c20141231$lBLL01$h1104
=CAT  \\$a6923$b40$c20150505$lBLL01$h1130
=CAT  \\$a10804$b40$c20150506$lBLL01$h1246
=FIN  \\$aY$d20150505
=FMT  \\$a  BK
=LAS  \\$a10804$b40$c20150506$lBLL01$h1246
=SID  \\$aZ39$bLOC

