=LDR  01411cam a22003977i 4500
=001  016993655
=003  Uk
=005  20150415112210.0
=008  140318s2013\\\\ag\a\\\\\c\\\f000\0dspa\d
=020  \\$a9789871741717
=020  \\$a9871741715
=035  \\$a(OCoLC)883186911
=040  \\$aAR-BaFGC$beng$cN15$dOCLCO$dUk$erda
=042  \\$aukblderived
=043  \\$as-ag---
=050  \4$aF2849.P37$bE93 2013
=245  00$aEva Perón en los libros.
=264  \1$aCiudad Autónoma de Buenos Aires :$bBiblioteca Nacional Mariano Moreno,$c[2013]
=300  \\$a165 pages :$bchiefly illustrated (some color) ;$c28 cm
=336  \\$atext$2rdacontent
=337  \\$aunmediated$2rdamedia
=338  \\$avolume$2rdacarrier
=600  10$aPerón, Eva,$d1919-1952$vExhibitions.
=600  10$aPerón, Eva,$d1919-1952$vPictorial works.
=710  2\$aBiblioteca Nacional (Argentina),$esponsoring body.
=710  2\$aInstituto Nacional de Investigaciones Históricas Eva Perón,$esponsoring body.
=852  41$aBritish Library$bHMNTS$jYF.2015.b.771
=856  41$uhttp://core.cambeiro.com.ar/0-171897-0.pdf
=CAT  \\$a8157$b40$c20141231$lBLL01$h1105
=CAT  \\$a11002$b40$c20150415$lBLL01$h1122
=CAT  \\$aBATCH-UPD$b40$c20180513$lBLL01$h2105
=CAT  \\$aW2308-1659$c20230923$lBLL01$h1028
=FIN  \\$aY$d20150415
=FMT  \\$a  BK
=LAS  \\$aW2308-1659$b00$c20230923$lBLL01$h1028
=SID  \\$aZ39$bOCLC

