=LDR  01519 am a22004217i 4500
=001  016993657
=003  Uk
=005  20150505113550.0
=008  140715s2014\\\\ag\\\\\\\b\\\\001\0\spa\d
=010  \\$a  2014510347
=020  \\$a9789507931673 (paperback)
=035  \\$a(AR-BaFGC)0-91679/63
=040  \\$aAR-BaFGC$beng$cAR-BaFGC$dDLC$dUk$erda
=042  \\$aukblderived
=043  \\$as-ag---
=050  00$aHD3616.A73$bB445 2014
=100  1\$aBelini, Claudio,$eauthor.
=245  10$aConvenciendo al capital :$bperonismo, burocracia, empresarios y política industrial, 1943-1955 /$cClaudio Belini.
=264  \1$a[Buenos Aires, Argentina] :$bImago Mundi,$c[2014]
=300  \\$axxviii, 243 pages ;$c22 cm.
=336  \\$atext$2rdacontent
=337  \\$aunmediated$2rdamedia
=338  \\$avolume$2rdacarrier
=490  0\$aColección Bitácora argentina
=504  \\$aIncludes bibliographical references (pages 225-240) and index.
=650  \0$aIndustrial policy$zArgentina$xHistory$y20th century.
=650  \0$aPeronism$xHistory$y20th century.
=650  \0$aBusiness and politics$zArgentina$xHistory$y20th century.
=852  41$aBritish Library$bHMNTS$jYF.2015.a.8787
=856  41$uhttp://core.cambeiro.com.ar/0-91679-63.pdf
=985  \\$eGC-FY15
=CAT  \\$a8157$b40$c20141231$lBLL01$h1107
=CAT  \\$a6923$b40$c20150505$lBLL01$h1135
=CAT  \\$aBATCH-UPD$b40$c20180706$lBLL01$h2020
=FIN  \\$aY$d20150505
=FMT  \\$a  BK
=LAS  \\$aBATCH-UPD$b40$c20180706$lBLL01$h2020
=SID  \\$aZ39$bLOC

