=LDR  01396 am a22003977i 4500
=001  016993676
=003  Uk
=005  20150505104423.0
=008  131030s2013\\\\ag\af\\\\\\\\\000\0dspa\d
=010  \\$a  2012516217
=020  \\$a9789505636020 (paperback)
=035  \\$a(AR-BaFGC)0-138253/2
=040  \\$aAR-BaFGC$cAR-BaFGC$dDLC$dUk$erda
=042  \\$aukblderived
=043  \\$as-ag---
=050  00$aPN2096.L35$bA5 2013
=100  1\$aLaino, Norberto,$einterviewee.
=245  10$aHacia un lenguaje escenográfico /$cNorberto Laino ; con la colaboración de Carla Pessolano.
=264  \1$aBuenos Aires, Argentina :$b[Ediciones Colihue],$c[2013]
=300  \\$a111 pages, XXIII pages of plates :$billustrations (some color) ;$c22 cm.
=336  \\$atext$2rdacontent
=337  \\$aunmediated$2rdamedia
=338  \\$avolume$2rdacarrier
=490  0\$aColihue teatro. Praxis teatral
=600  10$aLaino, Norberto$vInterviews.
=650  \0$aSet designers$zArgentina$vInterviews.
=700  1\$aPessolano, Carla,$einterviewer.
=852  41$aBritish Library$bHMNTS$jYF.2015.a.8792
=856  41$uhttp://core.cambeiro.com.ar/0-138253-2.pdf
=CAT  \\$a8157$b40$c20141231$lBLL01$h1130
=CAT  \\$a6923$b40$c20150505$lBLL01$h1044
=CAT  \\$aBATCH-UPD$b40$c20210825$lBLL01$h1555
=FIN  \\$aY$d20150505
=FMT  \\$a  BK
=LAS  \\$aBATCH-UPD$b40$c20210825$lBLL01$h1555
=SRC  \\$aBLL02

