=LDR  01469 am a22004217i 4500
=001  016993684
=003  Uk
=005  20160318105847.0
=008  131205s2013\\\\ag\a\\\\\b\\\\000\0bspa\d
=010  \\$a  2012516211
=020  \\$a9789872885694
=035  \\$a(AR-BaFGC)0-159211/9
=040  \\$aAR-BaFGC$cAR-BaFGC$dDLC$dUk$erda
=042  \\$aukblderived
=043  \\$as-ag---
=050  00$aPN6790.A73$bO496 2013
=100  1\$aMontero, Hugo,$eauthor.
=245  10$aOesterheld, la biografía :$bviñetas y revolución /$cHugo Montero.
=264  \1$aLomas de Zamora, Buenos Aires, Argentina :$bEditorial Sudestada,$c[2013]
=300  \\$a220 pages :$billustrations ;$c23 cm.
=336  \\$atext$2rdacontent
=337  \\$aunmediated$2rdamedia
=338  \\$avolume$2rdacarrier
=490  0\$aCuadernos de Sudestada ;$v# 11
=504  \\$aIncludes bibliographical references.
=600  10$aOesterheld, H. G.$q(Héctor Germán),$d1919-1977.
=610  20$aOrganización Montoneros (Argentina)
=650  \0$aCartoonists$zArgentina$vBiography.
=852  41$aBritish Library$bHMNTS$jYF.2016.a.7562
=856  41$uhttp://core.cambeiro.com.ar/0-159211-9.pdf
=CAT  \\$a8157$b40$c20141231$lBLL01$h1144
=CAT  \\$aBATCH-UPD$b40$c20151218$lBLL01$h0837
=CAT  \\$a10904$b40$c20160318$lBLL01$h1058
=CAT  \\$aBATCH-UPD$b40$c20171023$lBLL01$h2023
=FIN  \\$aY$d20160318
=FMT  \\$a  BK
=LAS  \\$aBATCH-UPD$b40$c20171023$lBLL01$h2023
=SRC  \\$aBLL02

