=LDR  01312 am a2200397 a 4500
=001  016993687
=003  Uk
=005  20150325115039.0
=008  130510s2012\\\\ag\a\\\\\bd\\\000\0\spa\d
=010  \\$a  2012516359
=020  \\$a9789505851348
=035  \\$a(AR-BaFGC)0-148913/20
=040  \\$aAR-BaFGC$cAR-BaFGC$dDLC$dUk
=042  \\$aukblderived
=043  \\$as-ag---
=050  00$aU819.A7$bP48 2012
=100  1\$aPetrecca, Francisco.
=245  10$aLéxico de las armas criollas /$cFrancisco Petrecca.
=260  \\$a[Buenos Aires?] :$bAcademia Argentina de Letras,$cc2012.
=300  \\$a165 p. :$bill. ;$c17 cm.
=336  \\$atext$2rdacontent
=337  \\$aunmediated$2rdamedia
=338  \\$avolume$2rdacarrier
=490  0\$aColección La Academia y la lengua del pueblo ;$v20
=504  \\$aIncludes bibliographical references.
=650  \0$aWeapons$zArgentina$vDictionaries.
=650  \0$aSpanish language$zArgentina$vDictionaries.
=852  41$aBritish Library$bHMNTS$jYF.2015.a.6495
=856  41$uhttp://core.cambeiro.com.ar/0-148913-20.pdf
=CAT  \\$a8157$b40$c20141231$lBLL01$h1147
=CAT  \\$a11002$b40$c20150325$lBLL01$h1150
=CAT  \\$aWR14_128$c20160226$lBLL01$h1630
=FIN  \\$aY$d20150325
=FMT  \\$a  BK
=LAS  \\$aWR14_128$b00$c20160226$lBLL01$h1630
=SRC  \\$aBLL02

