=LDR  01403 am a2200397 i 4500
=001  016993693
=003  Uk
=005  20150324163547.0
=008  140120s2013\\\\ag\\\\\\\b\\\\000\0dspa\d
=010  \\$a  2012516305
=020  \\$a9789871474813
=035  \\$a(AR-BaFGC)0-153594/9
=040  \\$aAR-BaFGC$cAR-BaFGC$dDLC$dUk$erda
=042  \\$aukblderived
=050  00$aPQ7797.O72$bZ74 2013
=100  1\$aPáez, Roxana,$d1962-$eauthor.
=245  10$aPoéticas del espacio argentino :$bJuan L. Ortiz y Francisco Madariaga /$cRoxana Páez.
=264  \1$aBuenos Aires, Argentina :$bMansalva,$c[2013]
=300  \\$a351 pages ;$c22 cm.
=336  \\$atext$2rdacontent
=337  \\$aunmediated$2rdamedia
=338  \\$avolume$2rdacarrier
=490  0\$aColección Campo real ;$vIX
=504  \\$aIncludes bibliographical references (pages 337-351).
=600  10$aOrtiz, Juan L.$xCriticism and interpretation.
=600  10$aMadariaga, Francisco,$d1927-2000$xCriticism and interpretation.
=852  41$aBritish Library$bHMNTS$jYF.2015.a.6489
=856  41$uhttp://core.cambeiro.com.ar/0-153594-9.pdf
=CAT  \\$a8157$b40$c20141231$lBLL01$h1152
=CAT  \\$a8874$b40$c20150120$lBLL01$h1314
=CAT  \\$a11002$b40$c20150324$lBLL01$h1635
=CAT  \\$aBATCH-UPD$b40$c20191126$lBLL01$h1925
=FIN  \\$aY$d20150324
=FMT  \\$a  BK
=LAS  \\$aBATCH-UPD$b40$c20191126$lBLL01$h1925
=SRC  \\$aBLL02

