=LDR  01417 am a2200397 a 4500
=001  016993696
=003  Uk
=005  20150715143301.0
=008  130507s2013\\\\ag\\\\\\\b\\\f000\0\spa\d
=010  \\$a  2012516318
=020  \\$a9789876463522 (paperback)
=035  \\$a(AR-BaFGC)0-169612/0
=040  \\$aAR-BaFGC$cAR-BaFGC$dDLC$dUk
=042  \\$aukblsr
=043  \\$acc-----
=050  00$aPN849.C3$bC85 2013
=245  00$aCulturas literarias del Caribe /$cClaudia Caisso, coordinadora ; [participan en este volumen Florencia Bonfiglio ... et al.].
=260  \\$aCórdoba, República Argentina :$bAlción Editora ;$a[Rosario, Santa Fe, Argentina] :$bUNR Editora,$cc2013.
=300  \\$a275 p. ;$c21 cm.
=336  \\$atext$2rdacontent
=337  \\$aunmediated$2rdamedia
=338  \\$avolume$2rdacarrier
=504  \\$aIncludes bibliographical references.
=650  \0$aCaribbean literature$y20th century$xHistory and criticism.
=700  1\$aCaisso, Claudia.
=700  1\$aBonfiglio, Florencia.
=852  41$aBritish Library$bHMNTS$jYF.2015.a.13890
=856  41$uhttp://core.cambeiro.com.ar/0-169612-0.pdf
=CAT  \\$a8157$b40$c20141231$lBLL01$h1155
=CAT  \\$a11342$b40$c20150715$lBLL01$h1426
=CAT  \\$a11342$b40$c20150715$lBLL01$h1433
=CAT  \\$aWR14_128$c20160226$lBLL01$h1630
=FIN  \\$aY$d20150715
=FMT  \\$a  BK
=LAS  \\$aWR14_128$b00$c20160226$lBLL01$h1630
=SRC  \\$aBLL02

