=LDR  01282 am a2200385 i 4500
=001  016993697
=003  Uk
=005  20150415082326.0
=008  131205s2013\\\\ag\a\\\\\b\\\\000\0dspa\d
=010  \\$a  2012516192
=020  \\$a9789874502117
=035  \\$a(AR-BaFGC)0-159211/10
=040  \\$aAR-BaFGC$cAR-BaFGC$dDLC$dUk$erda
=042  \\$aukblderived
=043  \\$as-ag---
=050  00$aPQ7798.13.O5$bZ664 2013
=100  1\$aDuizeide, Juan Bautista,$d1964-$eauthor.
=245  10$aAlrededor de Haroldo Conti /$cJ.B. Duizeide.
=264  \1$aLomas de Zamora, Buenos Aires, Argentina :$bEditorial Sudestada,$c[2013]
=300  \\$a191 pages :$b1 illustration ;$c23 cm.
=336  \\$atext$2rdacontent
=337  \\$aunmediated$2rdamedia
=338  \\$avolume$2rdacarrier
=490  0\$aCuadernos de Sudestada ;$v# 12
=504  \\$aIncludes bibliographical references.
=600  10$aConti, Haroldo,$d1925-1976.
=852  41$aBritish Library$bHMNTS$jYF.2015.a.7556
=856  41$uhttp://core.cambeiro.com.ar/0-159211-10.pdf
=CAT  \\$a8157$b40$c20141231$lBLL01$h1156
=CAT  \\$a11002$b40$c20150415$lBLL01$h0823
=CAT  \\$aBATCH-UPD$b40$c20160226$lBLL01$h2037
=FIN  \\$aY$d20150415
=FMT  \\$a  BK
=LAS  \\$aBATCH-UPD$b40$c20160226$lBLL01$h2037
=SRC  \\$aBLL02

