=LDR  01497 am a2200421 i 4500
=001  016993699
=003  Uk
=005  20160116112331.0
=008  140714s2014\\\\ag\\\\\\\b\\\\001\0dspa\d
=010  \\$a  2014510360
=020  \\$a9789507317880
=035  \\$a(AR-BaFGC)0-12806/300
=040  \\$aAR-BaFGC$beng$cAR-BaFGC$dDLC$dUk$erda
=042  \\$aukblcatcopy
=043  \\$as-ag---
=050  00$aPQ7655$b.E39 2014
=100  1\$aEdwards, Rodolfo,$d1962-$eauthor.
=245  10$aCon el bombo y la palabra :$bel peronismo en las letras argentinas : una historia de odios y lealtades /$cRodolfo Edwards.
=264  \1$aC.A.B.A. :$bSeix Barral,$c[2014]
=300  \\$a399 pages ;$c23 cm.
=336  \\$atext$2rdacontent
=337  \\$aunmediated$2rdamedia
=338  \\$avolume$2rdacarrier
=490  0\$aBiblioteca breve
=500  \\$aPublished in Buenos Aires, Argentina.
=504  \\$aIncludes bibliographical references (pages 369-383) and index.
=650  \0$aArgentine literature$y20th century$xHistory and criticism.
=650  \0$aArgentine literature$y21st century$xHistory and criticism.
=650  \0$aPeronism in literature.
=852  41$aBritish Library$bHMNTS$jYF.2016.a.1288
=856  41$uhttp://core.cambeiro.com.ar/0-12806-300.pdf
=CAT  \\$a8157$b40$c20141231$lBLL01$h1159
=CAT  \\$a8157$b40$c20150102$lBLL01$h0746
=CAT  \\$a11002$b40$c20160116$lBLL01$h1123
=FIN  \\$aY$d20160116
=FMT  \\$a  BK
=LAS  \\$a11002$b40$c20160116$lBLL01$h1123
=SRC  \\$aBLL02

