=LDR  01604 am a2200433 i 4500
=001  016993721
=003  Uk
=005  20150415084303.0
=008  131205t20122012ag\a\\\\\b\\\f000\pdspa\c
=020  \\$a9789506983024
=020  \\$a950698302X
=035  \\$a(OCoLC)883726004
=040  \\$aAR-BaFGC$beng$cN15$dTJC$dSTF$dUk$erda
=042  \\$aukblderived
=050  \4$aPQ7797$b.E587 2012
=100  1\$aElías, Daniel,$d1885-1928,$eauthor.
=240  10$aPoems
=245  10$aObra poética /$cDaniel Elías ; introducción, cronología, bibliografía y notas, Miguel Ángel Federik.
=264  \1$aSanta Fe, Argentina :$bUniversidad Nacional del Litoral ;$aParaná, Entre Ríos, Argentina :$bUniversidad Nacional de Entre Ríos,$c[2012]
=264  \4$c©2012
=300  \\$axlv, 273 pages :$billustrations ;$c23 cm.
=336  \\$atext$2rdacontent
=337  \\$aunmediated$2rdamedia
=338  \\$avolume$2rdacarrier
=490  1\$aColección El país del sauce ;$v2
=504  \\$aIncludes bibliographical references (pages 263-266).
=655  \0$aArgentine poetry.
=700  1\$aFederik, Miguel Angel,$eeditor.
=830  \0$aColección El país del sauce ;$v2.
=852  41$aBritish Library$bHMNTS$jYF.2015.a.7576
=856  41$uhttp://core.cambeiro.com.ar/0-165683-3.pdf
=CAT  \\$a8157$b40$c20141231$lBLL01$h1224
=CAT  \\$a11002$b40$c20150415$lBLL01$h0843
=CAT  \\$aBATCH-UPD$b40$c20151202$lBLL01$h0914
=CAT  \\$aBATCH-UPD$b40$c20190118$lBLL01$h2036
=FIN  \\$aY$d20150415
=FMT  \\$a  BK
=LAS  \\$aBATCH-UPD$b40$c20190118$lBLL01$h2036
=SID  \\$aZ39$bOCLC

