=LDR  01262 am a2200385 a 4500
=001  016993754
=003  Uk
=005  20150903092608.0
=008  130711s2013\\\\ag\af\\\\b\\\\000\0bspa\d
=010  \\$a  2012516435
=020  \\$a9789870429265
=035  \\$a(AR-BaFGC)0-170059/0
=040  \\$aAR-BaFGC$cAR-BaFGC$dDLC$dUk
=042  \\$aukblderived
=050  00$aBX1378.7$b.H56 2013
=100  1\$aHimitian, Evangelina.
=245  10$aFrancisco :$bel Papa de la gente /$cEvangelina Himitian.
=260  \\$a[Buenos Aires?] :$bAguilar,$cc2013.
=300  \\$a332 pages, 16 unnumbered pages of plates :$bill. ;$c24 cm
=336  \\$atext$2rdacontent
=337  \\$aunmediated$2rdamedia
=338  \\$avolume$2rdacarrier
=504  \\$aIncludes bibliographical references (p. 331-332).
=600  00$aFrancis,$cPope,$d1936-
=650  \0$aPopes$vBiography.
=852  41$aBritish Library$bHMNTS$jYF.2015.a.17908
=856  41$uhttp://core.cambeiro.com.ar/0-170059-0.pdf
=CAT  \\$a8157$b40$c20141231$lBLL01$h1344
=CAT  \\$a10904$b40$c20150903$lBLL01$h0925
=CAT  \\$a10904$b40$c20150903$lBLL01$h0926
=CAT  \\$aWR14_128$c20160226$lBLL01$h1630
=FIN  \\$aY$d20150903
=FMT  \\$a  BK
=LAS  \\$aWR14_128$b00$c20160226$lBLL01$h1630
=SRC  \\$aBLL02

