=LDR  01512 am a2200409 i 4500
=001  016993761
=003  Uk
=005  20150602114025.0
=008  141121s2014\\\\ag\a\\\\\b\\\\001\0\spa\d
=020  \\$a9789507931680
=020  \\$a9507931686
=035  \\$a(OCoLC)896684690
=040  \\$aNYP$beng$cNYP$dUk$erda
=042  \\$aukblderived
=043  \\$as-ag---
=245  00$aEstado, políticas públicas y ciudadanía en el mundo rural /$cMartha Ruffini y Alejandra Salomón, compiladoras.
=260  \\$aCABA [i.e. Ciudad Autónoma de Buenos Aires, Argentina] :$bImago Mundi,$c[2014]
=300  \\$axvii, 238 pages :$billustrations ;$c22 cm.
=336  \\$atext$btxt$2rdacontent
=337  \\$aunmediated$bn$2rdamedia
=338  \\$avolume$bnc$2rdacarrier
=490  1\$aColección Bitácora argentina
=504  \\$aIncludes bibliographical references (pages 215-233) and index.
=650  \0$aAgriculture and state$zArgentina$xHistory$y20th century.
=651  \0$aArgentina$xRural conditions.
=700  1\$aRuffini, Martha,$eeditor.
=700  1\$aSalomón, Alejandra,$eeditor.
=830  \0$aColección Bitácora argentina.
=852  41$aBritish Library$bHMNTS$jYF.2015.a.10812
=856  41$uhttp://core.cambeiro.com.ar/0-91679-60.pdf
=CAT  \\$a8157$b40$c20141231$lBLL01$h1347
=CAT  \\$a11002$b40$c20150602$lBLL01$h1140
=CAT  \\$aBATCH-UPD$b40$c20170326$lBLL01$h2106
=FIN  \\$aY$d20150602
=FMT  \\$a  BK
=LAS  \\$aBATCH-UPD$b40$c20170326$lBLL01$h2106
=SID  \\$aZ39$bOCLC

