=LDR  01726cam a22004817i 4500
=001  016993769
=003  Uk
=005  20150602122231.0
=008  140312s2014\\\\ag\\\\\\\b\\\\000\0bspa\d
=020  \\$a9789504938583
=020  \\$a9504938582
=035  \\$a(OCoLC)892572075
=040  \\$aAR-BaFGC$beng$cN15$dOCLCO$dUk$erda
=042  \\$aukblderived
=043  \\$as-ag---
=050  \4$aF2849.22.Z36$bZ36 2014
=100  1\$aZanini, Eduardo,$eauthor.
=245  13$aEl creador :$bCarlos Zannini, el verdadero cerebro del kirchnerismo /$cEduardo Zanini.
=264  \1$aC.A.B.A. :$bPlaneta,$c[2014]
=300  \\$a229 pages ;$c23 cm.
=336  \\$atext$2rdacontent
=337  \\$aunmediated$2rdamedia
=338  \\$avolume$2rdacarrier
=490  0\$aEspejo de la Argentina
=500  \\$aPlace of publication: Ciudad Autónoma de Buenos Aires.
=504  \\$aIncludes bibliographical references.
=600  10$aZannini, Carlos,$d1954-
=600  10$aKirchner, Néstor$xFriends and associates.
=600  10$aFernández de Kirchner, Cristina$xFriends and associates.
=650  \0$aPoliticians$zArgentina$vBiography.
=651  \0$aArgentina$xPolitics and government$y1983-2002.
=651  \0$aArgentina$xPolitics and government$y2002-
=651  \0$aArgentina$xPolitics and government$y1955-1983.
=852  41$aBritish Library$bHMNTS$jYF.2015.a.10824
=856  41$uhttp://core.cambeiro.com.ar/0-646-168.pdf
=CAT  \\$a8157$b40$c20141231$lBLL01$h1352
=CAT  \\$a11002$b40$c20150602$lBLL01$h1222
=CAT  \\$aBATCH-UPD$b40$c20170102$lBLL01$h0259
=CAT  \\$aW2308-1659$c20230923$lBLL01$h1028
=FIN  \\$aY$d20150602
=FMT  \\$a  BK
=LAS  \\$aW2308-1659$b00$c20230923$lBLL01$h1028
=SID  \\$aZ39$bOCLC

