=LDR  01868 am a22005177i 4500
=001  016993774
=003  Uk
=005  20160824113457.0
=008  140729s2013\\\\ag\\\\\\\b\\\\000\0\spa\d
=020  \\$a9789502322025
=020  \\$a9502322029
=035  \\$a(OCoLC)900710017
=040  \\$aAR-BaFGC$beng$cN15$dOCLCO$dOCLCF$dUk$erda
=042  \\$aukblderived
=043  \\$as-ag---
=050  \4$aHV183.A3$bZ53 2013
=100  1\$aZibecchi, Carla,$eauthor.
=245  10$aTrayectorias asistidas :$bun abordaje de los programas sociales en Argentina desde el enfoque de género /$cCarla Zibecchi.
=250  \\$aPrimera edición.
=264  \1$aBuenos Aires :$bEudeba,$c2013.
=300  \\$a159 pages ;$c23 cm.
=336  \\$atext$2rdacontent
=337  \\$aunmediated$2rdamedia
=338  \\$avolume$2rdacarrier
=490  0\$aTDS, Tesis doctorales de sociales
=490  0\$aUBA Sociales Publicaciones
=504  \\$aIncludes bibliographical references (pages 151-159).
=650  \0$aPublic welfare$zArgentina.
=650  \0$aPoor$xServices for$zArgentina.
=650  \0$aPoor women$xServices for$zArgentina.
=650  \7$aPoor$xServices for.$2fast$0(OCoLC)fst01071142
=650  \7$aPoor women$xServices for.$2fast$0(OCoLC)fst01071245
=650  \7$aPublic welfare.$2fast$0(OCoLC)fst01083250
=650  \7$aSocial policy.$2fast$0(OCoLC)fst01122738
=651  \0$aArgentina$xSocial policy.
=651  \7$aArgentina.$2fast$0(OCoLC)fst01205614
=852  41$aBritish Library$bHMNTS$jYF.2016.a.18957
=856  41$uhttp://core.cambeiro.com.ar/0-171420-1.pdf
=CAT  \\$a8157$b40$c20141231$lBLL01$h1354
=CAT  \\$aBATCH-UPD$b40$c20141231$lBLL01$h1355
=CAT  \\$a8157$b40$c20150102$lBLL01$h0747
=CAT  \\$a11002$b40$c20160824$lBLL01$h1134
=FIN  \\$aY$d20160824
=FMT  \\$a  BK
=LAS  \\$a11002$b40$c20160824$lBLL01$h1134
=SID  \\$aZ39$bOCLC

