=LDR  02390 am a2200481 i 4500
=001  016993776
=003  Uk
=005  20150602121400.0
=008  131120s2013\\\\ag\a\\\\\b\\\\000\0\spa\d
=010  \\$a  2012516270
=020  \\$a9789871155866
=035  \\$a(AR-BaFGC)0-162833/2
=040  \\$aAR-BaFGC$beng$cAR-BaFGC$dDLC$dUk$erda
=042  \\$aukblderived
=043  \\$as-ag---
=050  00$aHD9574.A72$bP76 2013
=245  04$aLas producciones primarias en la Argentina reciente :$bminería, petróleo y agro pampeano /$cFederico Basualdo, Mariano A. Barrera, Eduardo M. Basualdo.
=264  \1$aCiudad Autónoma de Buenos Aires, Argentina :$bEditorial Atuel,$c[2013]
=300  \\$a271 pages :$billustrations ;$c22 cm.
=336  \\$atext$2rdacontent
=337  \\$aunmediated$2rdamedia
=338  \\$avolume$2rdacarrier
=490  0\$aColección Cara o Ceca
=490  0\$aEconomía política
=504  \\$aIncludes bibliographical references.
=505  0\$aEvolución y características estructurales de la minería metalífera en la Argentina reciente / Federico Basualdo -- La "desregulación" del mercado de hidrocarburos y la privatización de YPF / Mariano Barrera -- El auge de la producción agropecuaria pampeana durante el predominio sojero / Eduardo M. Basualdo.
=650  \0$aPetroleum industry and trade$xGovernment policy$zArgentina.
=650  \0$aMineral industries$zArgentina.
=650  \0$aInternational business enterprises$zArgentina.
=650  \0$aAgricultural industries$zArgentina$zPampas.
=700  12$iContainer of (work):$aBasualdo, Federico.$tEvolución y características estructurales de la minería metalífera en la Argentina reciente.
=700  12$iContainer of (work):$aBarrera, Mariano.$t"Desregulación" del mercado de hidrocarburos y la privatización de YPF.
=700  12$iContainer of (work):$aBasualdo, Eduardo M.$tAuge de la producción agropecuaria pampeana durante el predominio sojero.
=852  41$aBritish Library$bHMNTS$jYF.2015.a.10813
=856  41$uhttp://core.cambeiro.com.ar/0-162833-2.pdf
=CAT  \\$a8157$b40$c20141231$lBLL01$h1359
=CAT  \\$aBATCH-UPD$b40$c20141231$lBLL01$h1400
=CAT  \\$a11002$b40$c20150602$lBLL01$h1214
=CAT  \\$aBATCH-UPD$b40$c20180402$lBLL01$h2031
=FIN  \\$aY$d20150602
=FMT  \\$a  BK
=LAS  \\$aBATCH-UPD$b40$c20180402$lBLL01$h2031
=SRC  \\$aBLL02

