=LDR  01466 am a2200409 i 4500
=001  016993804
=003  Uk
=005  20160116063008.0
=008  150123e201312\\ag\\\\\\\b\\\\000\0\spa\d
=010  \\$a  2014510299
=020  \\$a9789871891962
=035  \\$a(AR-BaFGC)0-84631/42
=040  \\$aAR-BaFGC$beng$cAR-BaFGC$dDLC$dUk$erda
=042  \\$aukblcatcopy
=043  \\$as-uy---
=050  00$aHD2769.2.U8$bR67 2013
=100  1\$aRossel Odriozola, Cecilia,$eauthor.
=245  10$a"Te amo, te odio, dame más" :$bONG, participación y representación en el primer gobierno de izquierda en Uruguay /$cCecilia Rossel.
=264  \1$aBuenos Aires, Argentina :$bCLACSO,$cdiciembre de 2013.
=300  \\$a94 pages ;$c23 cm.
=336  \\$atext$2rdacontent
=337  \\$aunmediated$2rdamedia
=338  \\$avolume$2rdacarrier
=490  0\$aColección Becas de investigación
=504  \\$aIncludes bibliographical references (pages 85-94).
=610  20$aFrente Amplio (Uruguay)
=650  \0$aNonprofit organizations$xPolitical aspects$zUruguay.
=651  \0$aUruguay$xPolitics and government$y1985-
=852  41$aBritish Library$bHMNTS$jYF.2016.a.1279
=856  41$uhttp://core.cambeiro.com.ar/0-84631-42.pdf
=CAT  \\$a8157$b40$c20141231$lBLL01$h1420
=CAT  \\$a8157$b40$c20150102$lBLL01$h0749
=CAT  \\$a11002$b40$c20160116$lBLL01$h0630
=FIN  \\$aY$d20160116
=FMT  \\$a  BK
=LAS  \\$a11002$b40$c20160116$lBLL01$h0630
=SRC  \\$aBLL02

