=LDR  02452 am a2200445 i 4500
=001  016993807
=003  Uk
=005  20160116063532.0
=008  150123s2015\\\\ag\a\\\\\b\\\\000\0\spa\d
=010  \\$a  2014510541
=020  \\$a9789871891870
=035  \\$a(AR-BaFGC)0-176979/0
=040  \\$aAR-BaFGC$beng$cAR-BaFGC$dDLC$dUk$erda
=042  \\$aukblcatcopy
=043  \\$acl-----
=050  00$aJL959.5.P64$bP653 2015
=245  00$aPolíticas públicas :$balgunas experiencias en Iberoamérica /$cInés M. Rouquaud, Mónica A. Páez (coordinadoras).
=264  \1$aCiudad de Buenos Aires, Argentina :$bCLACSO,$c[2015]
=300  \\$aVII, 160 pages :$billustrations ;$c23 cm
=336  \\$atext$2rdacontent
=337  \\$aunmediated$2rdamedia
=338  \\$avolume$2rdacarrier
=504  \\$aIncludes bibliographical references.
=505  0\$aLa política de asignación universal por hijo en Argentina / autora: Inés M. Rouquaud -- Políticas públicas y asignación de recursos : el caso de la provincia de San Luis / autora: Mónica A. Páez -- Derechos económicos, sociales y culturales : análisis de un programa social de transferencias condicionadas de ingresos / autora: Mónica Bussetti -- Género y política municipal : representación descriptiva y agenda de género en los municipios españoles / autora: María Jesús Rodríguez García -- Evaluación de la política pública y transparencia presupuestaria en un contexto federal : el caso de México / autor: Manuel Díaz Flores -- Confianza institucional en las municipalidades y sistemas de gobierno local en Latinoamérica / autores: Lucía Muñoz y Clemente J. Navarro.
=650  \0$aPolitical planning$zLatin America.
=650  \0$aSocial planning$zArgentina$zSan Luis (Province)
=700  1\$aRouquaud, Inés M.,$eeditor.
=700  1\$aPáez, Mónica A.,$eeditor.
=700  12$iContainer of (work):$aBussetti, Mónica$tDerechos económicos, sociales y culturales.
=852  41$aBritish Library$bHMNTS$jYF.2016.a.1240
=856  41$uhttp://core.cambeiro.com.ar/0-176979-0.pdf
=CAT  \\$a8157$b40$c20141231$lBLL01$h1422
=CAT  \\$aFIX-001$c20151007$lBLL01$h1811
=CAT  \\$aBATCH-UPD$b00$c20151116$lBLL01$h0335
=CAT  \\$a11002$b40$c20160116$lBLL01$h0635
=CAT  \\$aBATCH-UPD$b40$c20160116$lBLL01$h0636
=FIN  \\$aY$d20160116
=FMT  \\$a  BK
=LAS  \\$aBATCH-UPD$b40$c20160116$lBLL01$h0636
=SRC  \\$aBLL02

