=LDR  01576 am a22004457i 4500
=001  016993828
=003  Uk
=005  20150505114625.0
=008  141119s2014\\\\ag\a\\\\\b\\\\000\0\spa\d
=010  \\$a  2014510497
=020  \\$a9789876274609 (paperback)
=035  \\$a(AR-BaFGC)0-175846/0
=040  \\$aAR-BaFGC$beng$cAR-BaFGC$dDLC$dUk$erda
=042  \\$aukblderived
=043  \\$as-ag---
=050  00$aHC175$b.C495 2014
=100  1\$aChelala, Santiago,$einterviewer.
=245  13$aLa era de la inflación :$bpolítica económica de las crisis argentinas /$cSantiago Chelala.
=250  \\$a1ra edición.
=264  \1$aCiudad Autónoma de Buenos Aires, Argentina :$bEdiciones B,$c2014.
=300  \\$a348 pages :$billustrations ;$c23 cm
=336  \\$atext$2rdacontent
=337  \\$aunmediated$2rdamedia
=338  \\$avolume$2rdacarrier
=504  \\$aIncludes bibliographical references (pages 347-348).
=650  \0$aInflation (Finance)$zArgentina$xHistory$y20th century.
=650  \0$aCabinet officers$zArgentina$vInterviews.
=650  \0$aPresidents$zArgentina$vInterviews.
=651  \0$aArgentina$xEconomic policy.
=852  41$aBritish Library$bHMNTS$jYF.2015.a.8794
=856  41$uhttp://core.cambeiro.com.ar/0-175846-0.pdf
=985  \\$eGC-FY15
=CAT  \\$a8157$b40$c20141231$lBLL01$h1436
=CAT  \\$aBATCH-UPD$b40$c20141231$lBLL01$h1436
=CAT  \\$a8157$b40$c20150102$lBLL01$h0751
=CAT  \\$a6923$b40$c20150505$lBLL01$h1146
=FIN  \\$aY$d20150505
=FMT  \\$a  BK
=LAS  \\$a6923$b40$c20150505$lBLL01$h1146
=SID  \\$aZ39$bLOC

