=LDR  01383 am a22004097i 4500
=001  016993837
=003  Uk
=005  20150505141048.0
=008  140904s2014\\\\ag\\\\\\\b\\\\000\0\spa\d
=010  \\$a  2014510393
=020  \\$a9789870271413 (paperback)
=035  \\$a(AR-BaFGC)0-174300/0
=040  \\$aAR-BaFGC$beng$cAR-BaFGC$dDLC$dUk$erda
=042  \\$aukblderived
=043  \\$as-ag---
=050  00$aF2849.3$b.Z36 2014
=100  1\$aZamorano, Eduardo,$d1949-$eauthor.
=245  10$aNeopopulismo en la Argentina :$bel modelo polìtico kirchnerista /$cEduardo Zamorano.
=264  \1$aBuenos Aires :$bEditorial Dunken,$c2014.
=300  \\$a190 pages ;$c23 cm
=336  \\$atext$2rdacontent
=337  \\$aunmediated$2rdamedia
=338  \\$avolume$2rdacarrier
=504  \\$aIncludes bibliographical references (pages 187-190).
=600  10$aKirchner, Néstor.
=600  10$aFernández de Kirchner, Cristina.
=650  \0$aPopulism$zArgentina.
=651  \0$aArgentina$xPolitics and government$y2002-
=852  41$aBritish Library$bHMNTS$jYF.2015.a.8788
=856  41$uhttp://core.cambeiro.com.ar/0-174300-0.pdf
=CAT  \\$a6503$b40$c20141231$lBLL01$h1446
=CAT  \\$a6923$b40$c20150505$lBLL01$h1410
=CAT  \\$aBATCH-UPD$b40$c20170102$lBLL01$h0259
=FIN  \\$aY$d20150505
=FMT  \\$a  BK
=LAS  \\$aBATCH-UPD$b40$c20170102$lBLL01$h0259
=SRC  \\$aBLL02

