=LDR  01381cam a22003857i 4500
=001  016993852
=003  Uk
=005  20160126094041.0
=008  140326s2014\\\\ag\a\\\\\b\\\\000\0\spa\d
=020  \\$a9789871378296
=020  \\$a9871378297
=035  \\$a(OCoLC)883187155
=040  \\$aAR-BaFGC$beng$cN15$dUk$erda
=042  \\$aukblderived
=043  \\$acl-----
=050  \4$aBV652.24$b.R67 2014
=100  1\$aRode, Daniel Julio,$eauthor.
=245  10$aCómo surgen las nuevas iglesias :$balgunos aportes y experiencias latinoamericanas /$cDaniel Julio Rode.
=264  \1$aLibertador San Martín, Entrer Ríos, Argentina :$bUniversidad Adventista del Plata Editorial,$c[2014]
=300  \\$a152 pages :$billustrations ;$c23 cm
=336  \\$atext$2rdacontent
=337  \\$aunmediated$2rdamedia
=338  \\$avolume$2rdacarrier
=504  \\$aIncludes bibliographical references (pages 141-152).
=650  \0$aChurch development, New$zLatin America.
=650  \0$aChurch development, New$xAdventists.
=852  41$aBritish Library$bHMNTS$jYF.2016.a.2675
=856  41$uhttp://core.cambeiro.com.ar/0-172146-0.pdf
=CAT  \\$a8157$b40$c20141231$lBLL01$h1517
=CAT  \\$a11131$b40$c20160126$lBLL01$h0940
=CAT  \\$aW2308-1659$c20230923$lBLL01$h1028
=FIN  \\$aY$d20160126
=FMT  \\$a  BK
=LAS  \\$aW2308-1659$b00$c20230923$lBLL01$h1028
=SID  \\$aZ39$bOCLC

