=LDR  01304 am a22003977a 4500
=001  016993864
=003  Uk
=005  20150505130508.0
=008  120907s2012\\\\ag\\\\\\\b\\\\000\0dspa\d
=010  \\$a  2012519353
=020  \\$a9789872836900 (paperback)
=035  \\$a(AR-BaFGC)0-167293/0
=040  \\$aAR-BaFGC$cAR-BaFGC$dDLC$dUk
=042  \\$aukblderived
=043  \\$as-bo---
=050  00$aF3327.M67$bM37 2012
=100  1\$aMárquez, Nicolás.
=245  13$aEl impostor :$bEvo Morales, de la Pachamama al narco-estado /$cNicolás Márquez.
=260  \\$aC.A.B.A. [i.e. Buenos Aires] :$bContraCultura,$c2012.
=300  \\$a292 pages ;$c22 cm
=336  \\$atext$2rdacontent
=337  \\$aunmediated$2rdamedia
=338  \\$avolume$2rdacarrier
=504  \\$aIncludes bibliographical references.
=600  10$aMorales Ayma, Evo,$d1959-
=650  \0$aDrug traffic$zBolivia.
=651  \0$aBolivia$xPolitics and government$y2006-
=852  41$aBritish Library$bHMNTS$jYF.2015.a.8798
=856  41$uhttp://core.cambeiro.com.ar/0-167293-0.pdf
=CAT  \\$a6503$b40$c20141231$lBLL01$h1555
=CAT  \\$a6923$b40$c20150505$lBLL01$h1305
=CAT  \\$aWR14_128$c20160226$lBLL01$h1630
=FIN  \\$aY$d20150505
=FMT  \\$a  BK
=LAS  \\$aWR14_128$b00$c20160226$lBLL01$h1630
=SRC  \\$aBLL02

