=LDR  01349 am a22003977a 4500
=001  016993867
=003  Uk
=005  20150505114046.0
=008  130806s2013\\\\ag\\\\\\\b\\\\000\0\spa\d
=010  \\$a  2012516317
=020  \\$a9789500519502 (paperback)
=035  \\$a(AR-BaFGC)0-144217/6
=040  \\$aAR-BaFGC$cAR-BaFGC$dDLC$dUk
=042  \\$aukblderived
=043  \\$as-ag---
=050  00$aF2849.2$b.C27 2011
=100  1\$aCalcagno, Jorge Luis.
=245  13$aLa construcción de la democracia :$bRaúl Alfonsín y los militares /$cJorge Luis Calcagno.
=260  \\$aBs. As. [i.e. Buenos Aires] :$bCorregidor,$c2013.
=300  \\$a190 pages ;$c23 cm
=336  \\$atext$2rdacontent
=337  \\$aunmediated$2rdamedia
=338  \\$avolume$2rdacarrier
=504  \\$aIncludes bibliographical references.
=600  10$aAlfonsín, Raúl.
=650  \0$aCivil-military relations$zArgentina$xHistory$y20th century.
=651  \0$aArgentina$xPolitics and government$y1983-2002.
=852  41$aBritish Library$bHMNTS$jYF.2015.a.8793
=856  41$uhttp://core.cambeiro.com.ar/0-144217-6.pdf
=CAT  \\$a8157$b40$c20141231$lBLL01$h1558
=CAT  \\$a6923$b40$c20150505$lBLL01$h1140
=CAT  \\$aWR14_128$c20160226$lBLL01$h1630
=FIN  \\$aY$d20150505
=FMT  \\$a  BK
=LAS  \\$aWR14_128$b00$c20160226$lBLL01$h1630
=SRC  \\$aBLL02

