=LDR  01576 am a2200397 a 4500
=001  016993877
=003  Uk
=005  20160126085458.0
=008  130312s2012\\\\ag\a\\\\\b\\\\000\0\spa\d
=010  \\$a  2012519888
=020  \\$a9789872787103
=035  \\$a(AR-BaFGC)0-167151/0
=040  \\$aAR-BaFGC$cAR-BaFGC$dDLC$dUk
=042  \\$aukblderived
=043  \\$as-ag---
=050  00$aHD5350.P376$bM34 2012
=100  1\$aMaggiori, Ernesto.
=245  14$aLos años de la revolución en Patagonia, 1918-1930 /$cErnesto Maggiori.
=260  \\$a[Buenos Aires?] :$bNoesno Ediciones,$c[2012]
=300  \\$a231 p. :$bill. ;$c24 cm
=336  \\$atext$2rdacontent
=337  \\$aunmediated$2rdamedia
=338  \\$avolume$2rdacarrier
=500  \\$a"Conflicto y contexto en los años de la revolución. La rebelión del lago Buenos Aires. El caso Hermann Brunswig. La exploración del Baker. Los diarios patagónicos de Mikas Etchebéhére. La última etapa de las huelgas rurales."
=504  \\$aIncludes bibliographical references (p. 227-230).
=650  \0$aStrikes and lockouts$zArgentina$zPatagonia (Argentina and Chile)$xHistory$y20th century.
=651  \0$aPatagonia (Argentina and Chile)$yHistory.
=852  41$aBritish Library$bHMNTS$jYF.2016.a.2667
=856  41$uhttp://core.cambeiro.com.ar/0-167151-0.pdf
=CAT  \\$a8157$b40$c20141231$lBLL01$h1604
=CAT  \\$a11131$b40$c20160126$lBLL01$h0854
=CAT  \\$aWR14_128$c20160226$lBLL01$h1630
=FIN  \\$aY$d20160126
=FMT  \\$a  BK
=LAS  \\$aWR14_128$b00$c20160226$lBLL01$h1630
=SRC  \\$aBLL02

