=LDR  02083cam a22004457i 4500
=001  016993882
=003  Uk
=005  20150505111805.0
=008  131220s2013\\\\ag\\\\\\\b\\\s000\0\spa\d
=020  \\$a9789871245956 (paperback)
=020  \\$a9871245955 (paperback)
=035  \\$a(OCoLC)883187210
=040  \\$aAR-BaFGC$beng$cN15$dOCLCO$dCUY$dUk$erda
=042  \\$aukblderived
=043  \\$as-ag---
=050  \4$aHQ1236.5.A7$bV34 2013
=100  1\$aValobra, Adriana María,$eauthor.
=245  10$aAcción política y representación de las mujeres en la provincia de Buenos Aires, 1900-1955 /$cAdriana M. Valobra.
=264  \1$aLa Plata [Argentina] :$bArchivo Histórico de la Provincia de Buenos Aires,$c2013.
=300  \\$a174 pages ;$c21 cm.
=336  \\$atext$2rdacontent
=337  \\$aunmediated$2rdamedia
=338  \\$avolume$2rdacarrier
=490  1\$aPublicaciones del Archivo Histórico de la Provincia de Buenos Aires. Estudios sobre la historia y la geografía histórica de la Provincia de Buenos Aires
=500  \\$aAt head of title: Instituto Cultural de la Provinciad e Buenos AIres, dirección Provincial de Patrimonio Cultural, Archivo Histórico "Dr. Ricardo Levene".
=504  \\$aIncludes bibliographical references.
=650  \0$aWomen$xPolitical activity$zArgentina$zBuenos Aires (Province)$xHistory$y20th century.
=650  \0$aWomen's rights$zArgentina$zBuenos Aires (Province)$xHistory$y20th century.
=651  \0$aBuenos Aires (Argentina : Province)$xPolitics and government$y20th century.
=830  \0$aSerie cuarta--Estudios sobre la historia y la geografía histórica de la Provincia de Buenos Aires.
=852  41$aBritish Library$bHMNTS$jYF.2015.a.8795
=856  41$uhttp://core.cambeiro.com.ar/0-133829-24.pdf
=CAT  \\$a8157$b40$c20141231$lBLL01$h1608
=CAT  \\$a6923$b40$c20150505$lBLL01$h1118
=CAT  \\$aBATCH-UPD$b40$c20211120$lBLL01$h1728
=CAT  \\$aW2308-1659$c20230923$lBLL01$h1028
=FIN  \\$aY$d20150505
=FMT  \\$a  BK
=LAS  \\$aW2308-1659$b00$c20230923$lBLL01$h1028
=SID  \\$aZ39$bOCLC

