=LDR  01398 am a2200397 i 4500
=001  016993885
=003  Uk
=005  20150415113348.0
=008  131029s2013\\\\ag\af\\\\b\\\f000\0dspa\d
=010  \\$a  2012516206
=020  \\$a9789871741731
=035  \\$a(AR-BaFGC)0-171215/1
=040  \\$aAR-BaFGC$cAR-BaFGC$dDLC$dUk$erda
=042  \\$aukblcatcopy
=043  \\$as-ag---
=050  00$aF2811$b.V53 2013
=245  00$aViajes y viajeros :$bun itinerario bibliográfico.
=264  \1$aBuenos Aires :$bBiblioteca Nacional,$c2013.
=300  \\$axviii, 291 pages, 30 unnumbered pages of plates :$billustrations ;$c28 cm
=336  \\$atext$2rdacontent
=337  \\$aunmediated$2rdamedia
=338  \\$avolume$2rdacarrier
=504  \\$aIncludes bibliographical references.
=650  \0$aTravelers' writings$xHistory and criticism.
=650  \0$aTravelers$zArgentina$xHistory.
=651  \0$aArgentina$xDescription and travel.
=710  2\$aProyecto Viajeros (Argentina).$bEquipo Coordinador,$eeditor of compilation.
=710  2\$aBiblioteca Nacional (Argentina),$esponsoring body.
=852  41$aBritish Library$bHMNTS$jYF.2015.b.773
=856  41$uhttp://core.cambeiro.com.ar/0-171215-1.pdf
=CAT  \\$a8157$b40$c20141231$lBLL01$h1612
=CAT  \\$a11002$b40$c20150415$lBLL01$h1133
=FIN  \\$aY$d20150415
=FMT  \\$a  BK
=LAS  \\$a11002$b40$c20150415$lBLL01$h1133
=SRC  \\$aBLL02

