=LDR  01512cam a2200397 i 4500
=001  016993892
=003  Uk
=005  20150811125730.0
=008  140224s2013\\\\ag\\\\\\\b\\\\000\0\spa\d
=010  \\$a  2012516303
=020  \\$a9789871567218
=035  \\$a(AR-BaFGC)0-172738/0
=040  \\$aAR-BaFGC$cAR-BaFGC$dDLC$dUk$erda
=042  \\$aukblcatcopy
=043  \\$as-ag---
=050  00$aF2849.2$b.K62 2013
=100  1\$aKoenig, Marcelo,$eauthor.
=245  10$aVencedores vencidos, peronismo-antiperonismo :$bhistoria política argentina desde el golpe reaccionario del '55 hasta la victoria popular del '73 : la naturaleza de una antinomia argentina /$cpor Marcelo Koenig.
=264  \1$aCiudad Autónoma de Buenos Aires :$bEditorial Punto de Encuentro,$c[2013]
=300  \\$a436 pages ;$c23 cm
=336  \\$atext$2rdacontent
=337  \\$aunmediated$2rdamedia
=338  \\$avolume$2rdacarrier
=504  \\$aIncludes bibliographical references (pages 427-436).
=650  \0$aPeronism$xHistory.
=650  \0$aGovernment, Resistance to$zArgentina$xHistory$y20th century.
=651  \0$aArgentina$xPolitics and government$y1955-2002.
=852  41$aBritish Library$bHMNTS$jYF.2015.a.16125
=856  41$uhttp://core.cambeiro.com.ar/0-172738-0.pdf
=CAT  \\$a8157$b40$c20141231$lBLL01$h1621
=CAT  \\$a5703$b40$c20150811$lBLL01$h1257
=CAT  \\$aBATCH-UPD$b40$c20230420$lBLL01$h1814
=FIN  \\$aY$d20150811
=FMT  \\$a  BK
=LAS  \\$aBATCH-UPD$b40$c20230420$lBLL01$h1814
=SRC  \\$aBLL02

