=LDR  01542cam a22004337i 4500
=001  016993894
=003  Uk
=005  20150505121042.0
=008  140121s2013\\\\ag\\\\\\\b\\\f000\0dspa\d
=020  \\$a9789876578431 (paperback)
=020  \\$a987657843X (paperback)
=035  \\$a(OCoLC)896866867
=040  \\$aAR-BaFGC$beng$cN15$dOCLCO$dUk$erda
=042  \\$aukblderived
=043  \\$as-ag---
=050  \4$aD16$b.A73 2013
=245  04$aLos archivos de la memoria :$btestimonios, historia y periodismo /$cAdriana Falchini, Luciano Alonso, compiladores.
=264  \1$aSanta Fe, Argentina :$bEdiciones UNL,$c2013.
=300  \\$a310 pages ;$c20 cm.
=336  \\$atext$2rdacontent
=337  \\$aunmediated$2rdamedia
=338  \\$avolume$2rdacarrier
=490  0\$aItinerarios. Investigaciones
=504  \\$aIncludes bibliographical references.
=650  \0$aHistory$xMethodology.
=650  \0$aHistory$xPress coverage.
=650  \0$aArgentine newspapers$zArgentina$zSanta Fe$xHistory.
=700  1\$aFalchini, Adriana,$eeditor of compilation.
=700  1\$aAlonso, Luciano P. J.,$d1962-$eeditor of compilation.
=852  41$aBritish Library$bHMNTS$jYF.2015.a.8802
=856  41$uhttp://core.cambeiro.com.ar/0-172317-1.pdf
=CAT  \\$a8157$b40$c20141231$lBLL01$h1624
=CAT  \\$a6923$b40$c20150505$lBLL01$h1210
=CAT  \\$aW2308-1659$c20230923$lBLL01$h1028
=CAT  \\$aBATCH-UPD$b00$c20230925$lBLL01$h0831
=FIN  \\$aY$d20150505
=FMT  \\$a  BK
=LAS  \\$aBATCH-UPD$b00$c20230925$lBLL01$h0831
=SID  \\$aZ39$bOCLC

