=LDR  01543 am a22004217a 4500
=001  017022998
=003  Uk
=005  20150123145811.0
=008  111122s2010\\\\bl\a\\\\\b\\\\000\0\por\d
=020  \\$a9788580050301
=020  \\$a8580050308
=035  \\$a(OCoLC)794494897
=040  \\$aAR-BaFGC$cN15$dSBACH$dOCLCO
=042  \\$aukblderived
=043  \\$as-bl---
=050  \4$aPN5027.L6$bM2 2010
=245  00$aMemória literária feminina da Bahia :$binventário da revista A paladina do lar /$cVanilda Salignac de Souza Mazzoni, Alícia Duhá Lose, org.
=260  \\$aSalvador :$bQuarteto Editora,$c2010.
=300  \\$a142 p. :$bill. ;$c21 cm.
=336  \\$atext$2rdacontent
=337  \\$aunmediated$2rdamedia
=338  \\$avolume$2rdacarrier
=504  \\$aIncludes bibliographical references (p. 42-44).
=630  00$aPaladina do lar (Salvador, Brazil)
=650  \0$aBrazilian periodicals$zBrazil$zBahia (State)$xHistory$y20th century.
=650  \0$aBrazilian literature$xWomen authors$xPeriodicals$xHistory.
=650  \0$aWomen and literature$zBrazil$zBahia (State)
=700  1\$aMazzoni, Vanilda Salignac S.,$d1965-
=700  1\$aLose, Alícia Duhá.
=852  41$aBritish Library$bHMNTS$jYF.2015.a.1837
=856  41$uhttp://core.cambeiro.com.ar/1-165112-0.pdf
=CAT  \\$a9701$b40$c20150123$lBLL01$h1455
=CAT  \\$a9701$b40$c20150123$lBLL01$h1458
=CAT  \\$aWR14_128$c20160226$lBLL01$h1630
=FIN  \\$aY$d20150123
=FMT  \\$a  BK
=LAS  \\$aWR14_128$b00$c20160226$lBLL01$h1630
=SID  \\$aZ39$bOCLC

