=LDR  01719 am a2200457 a 4500
=001  017035265
=003  Uk
=005  20150415073918.0
=008  120807s2012\\\\ag\\\\\\\b\\\\000\0\spa\d
=010  \\$a  2012377737
=020  \\$a9789871326754
=035  \\$a(AR-BaFGC)0-164273/2
=040  \\$aAR-BaFGC$cAR-BaFGC$dDLC$dUk
=042  \\$aukblderived
=043  \\$ae-uk---$alsfk---$as-ag---
=050  00$aF303.5$b.B316 2012
=100  1\$aBaccaro, Pablo E.
=245  10$aFuego 6,1,2 :$bel hundimiento del Belgrano : el hecho y la ley de la guerra /$cPablo E. Baccaro.
=246  3\$aFuego seis, uno, dos
=260  \\$aRemedios de Escalada, Lanús, Provincia de Buenos Aires, Argentina :$bUniversidad Nacional de Lanús,$c[2012?]
=300  \\$a153 p. ;$c23 cm.
=336  \\$atext$2rdacontent
=337  \\$aunmediated$2rdamedia
=338  \\$avolume$2rdacarrier
=490  0\$aColección Observatorio Malvinas
=504  \\$aIncludes bibliographical references (p. 150-153).
=600  10$aThatcher, Margaret$xMilitary leadership.
=610  20$aBelgrano (Ship)
=650  \0$aFalkland Islands War, 1982$xNaval operations, British.
=650  \0$aFalkland Islands War, 1982$xNaval operations$xSubmarine.
=650  \0$aWar (International law)
=710  2\$aUniversidad Nacional de Lanús.$bPrograma de Investigación y Desarrollos Pedagógicos.
=852  41$aBritish Library$bHMNTS$jYF.2015.a.7569
=856  41$uhttp://core.cambeiro.com.ar/0-164273-2.pdf
=CAT  \\$a9518$b40$c20150202$lBLL01$h1527
=CAT  \\$a11002$b40$c20150415$lBLL01$h0739
=CAT  \\$aWR14_128$c20160226$lBLL01$h1630
=FIN  \\$aY$d20150415
=FMT  \\$a  BK
=LAS  \\$aWR14_128$b00$c20160226$lBLL01$h1630
=SRC  \\$aBLL02

