=LDR  01333 am a2200397 i 4500
=001  017182234
=003  Uk
=005  20160130100512.0
=008  150220s2014\\\\ag\a\\\\\b\\\\000\0dspa\d
=010  \\$a  2014510602
=020  \\$a9789502323763
=035  \\$a(AR-BaFGC)0-177586/1
=040  \\$aAR-BaFGC$beng$cAR-BaFGC$dDLC$dUk$erda
=042  \\$aukblcatcopy
=043  \\$as-ag---
=050  00$aR482.A7$bP476 2014
=100  1\$aPergola, Federico,$eauthor.
=245  10$aHistoria de la medicina argentina :$bdesde la época de la dominación hispánica hasta la actualidad /$cFederico Pérgola.
=250  \\$aPrimera edición.
=264  \1$aCiudad de Buenos Aires :$bEudeba,$c2014.
=300  \\$a965 pages :$b1 illustration ;$c24 cm.
=336  \\$atext$2rdacontent
=337  \\$aunmediated$2rdamedia
=338  \\$avolume$2rdacarrier
=490  0\$aTemas. Medicina
=504  \\$aIncludes bibliographical references.
=650  \0$aMedicine$zArgentina$xHistory.
=650  \0$aPhysicians$zArgentina$vBiography.
=852  41$aBritish Library$bHMNTS$jYF.2016.a.2812
=856  41$uhttp://core.cambeiro.com.ar/0-177586-1.pdf
=CAT  \\$a9518$b40$c20150505$lBLL01$h1407
=CAT  \\$a11002$b40$c20160130$lBLL01$h1005
=FIN  \\$aY$d20160130
=FMT  \\$a  BK
=LAS  \\$a11002$b40$c20160130$lBLL01$h1005
=SRC  \\$aBLL02

