=LDR  01531 am a2200421 i 4500
=001  017182275
=003  Uk
=005  20150811151123.0
=008  150119s2014\\\\ag\\\\\\\b\\\\000\0bspa\d
=010  \\$a  2014510415
=020  \\$a9789870276708
=035  \\$a(AR-BaFGC)0-176709/0
=040  \\$aAR-BaFGC$beng$cAR-BaFGC$dDLC$dUk$erda
=042  \\$aukblcatcopy
=043  \\$as-ag---
=050  00$aF2846.G545$bG35 2014
=100  1\$aGalmarini, Hugo R.,$eauthor.
=245  10$aJuan Francisco Gil :$buna importante gestión diiplomática ante el gobierno inglés en años de dificultades (1826-1829) /$cHugo Raúl Galmarini.
=264  \1$aBuenos Aires :$bEditorial Dunken,$c2014.
=300  \\$a189 pages ;$c23 cm
=336  \\$atext$2rdacontent
=337  \\$aunmediated$2rdamedia
=338  \\$avolume$2rdacarrier
=504  \\$aIncludes bibliographical references (pages 187-189).
=600  10$aGil, Juan Francisco,$d1800-1829.
=650  \0$aDiplomats$zArgentina$vBiography.
=651  \0$aArgentina$xForeign relations$y1817-1860.
=651  \0$aArgentina$xForeign relations$zGreat Britain.
=651  \0$aGreat Britain$xForeign relations$zArgentina.
=852  41$aBritish Library$bHMNTS$jYF.2015.a.16117
=856  41$uhttp://core.cambeiro.com.ar/0-176709-0.pdf
=CAT  \\$a9518$b40$c20150505$lBLL01$h1436
=CAT  \\$a5703$b40$c20150811$lBLL01$h1511
=CAT  \\$aBATCH-UPD$b40$c20151218$lBLL01$h0822
=FIN  \\$aY$d20150811
=FMT  \\$a  BK
=LAS  \\$aBATCH-UPD$b40$c20151218$lBLL01$h0822
=SID  \\$aZ39$bLOC

