=LDR  01678 am a2200421 i 4500
=001  017182301
=003  Uk
=005  20150722112401.0
=008  150220s2014\\\\ag\a\\\\\b\\\\000\0\spa\d
=010  \\$a  2014510603
=020  \\$a9789876262415
=035  \\$a(AR-BaFGC)0-174377/0
=040  \\$aAR-BaFGC$beng$cAR-BaFGC$dDLC$dUk$erda
=042  \\$aukblderived
=043  \\$as-ag---
=050  00$aF2821.1.C7$bV575 2014
=245  00$aVisita y padrón de los indios de la jurisdicción de Córdoba :$b1616-1617 /$cJosefina Piana, Isabel Castro Olañeta (eds.).
=264  \1$aCórdoba, República Argentina :$bEDUCC, Editorial Universidad Católica Córdoba,$c[2014]
=300  \\$a290 pages :$bcolor illustrations ;$c23 cm
=336  \\$atext$2rdacontent
=337  \\$aunmediated$2rdamedia
=338  \\$avolume$2rdacarrier
=504  \\$aIncludes bibliographical references (pages 285-290).
=600  10$aQuiñones Osorio, Luis de$xTravel$zArgentina$zCórdoba (Province)
=650  \0$aIndians of South America$zArgentina$zCórdoba (Province)$xPopulation.
=650  \0$aIndians of South America$zArgentina$zCórdoba (Province)$xGovernment relations.
=650  \0$aEncomiendas (Latin America)
=700  1\$aPiana, Josefina,$eeditor.
=700  1\$aCastro Olañeta, Isabel,$d1976-$eeditor.
=852  41$aBritish Library$bHMNTS$jYF.2015.a.14545
=856  41$uhttp://core.cambeiro.com.ar/0-174377-0.pdf
=CAT  \\$a9518$b40$c20150505$lBLL01$h1522
=CAT  \\$a11131$b40$c20150722$lBLL01$h1124
=CAT  \\$aBATCH-UPD$b40$c20160311$lBLL01$h2116
=FIN  \\$aY$d20150722
=FMT  \\$a  BK
=LAS  \\$aBATCH-UPD$b40$c20160311$lBLL01$h2116
=SID  \\$aZ39$bLOC

