=LDR  01349 am a2200385 i 4500
=001  017186849
=003  Uk
=005  20150922094128.0
=008  131018s2013\\\\ag\\\\\\\bm\\\000\0\spa\d
=010  \\$a  2012516277
=020  \\$a9789872956516
=035  \\$a(AR-BaFGC)0-159426/2
=040  \\$aAR-BaFGC$cAR-BaFGC$dDLC$dUk$erda
=042  \\$aukblderived
=050  00$aPQ8097.G6$bZ565 213
=100  1\$aGramberg de Mendoza, Julia,$d1979-$eauthor.
=245  13$aLa invención de Gabriela Mistral :$bestrategias de autoría y proyecto poético, 1915-1924 /$cJulia Gramberg de Mendoza.
=250  \\$aPrimera edición.
=264  \1$a[Buenos Aires?] :$bEdiciones Katatay,$c2013.
=300  \\$a302 pages ;$c20 cm.
=336  \\$atext$2rdacontent
=337  \\$aunmediated$2rdamedia
=338  \\$avolume$2rdacarrier
=490  0\$aTesis
=502  \\$aDoctoral$bUniversität zu Köln$c2009.
=504  \\$aIncludes bibliographical references (pages 289-302).
=600  10$aMistral, Gabriela,$d1889-1957$xCriticism and interpretation.
=852  41$aBritish Library$bHMNTS$jYF.2015.a.19540
=856  41$uhttp://core.cambeiro.com.ar/0-159426-2.pdf
=CAT  \\$a9701$b40$c20150506$lBLL01$h1341
=CAT  \\$a11131$b40$c20150922$lBLL01$h0941
=FIN  \\$aY$d20150922
=FMT  \\$a  BK
=LAS  \\$a11131$b40$c20150922$lBLL01$h0941
=SRC  \\$aBLL02

