=LDR  01797 am a2200421 i 4500
=001  017186876
=003  Uk
=005  20150722111757.0
=008  140508s2014\\\\ag\a\\\\\b\\\f000\0dspa\d
=010  \\$a  2012516535
=020  \\$a9789871741892
=035  \\$a(AR-BaFGC)0-173963/0
=040  \\$aAR-BaFGC$beng$cAR-BaFGC$dDLC$dUk$erda
=042  \\$aukblderived
=043  \\$as-ag---
=050  00$aZ1019$b.P47 2014
=100  1\$aPesclevi, Gabriela,$eauthor.
=245  10$aLibros que muerden :$bliteratura infantil y juvenil censurada durante la última dictadura cívico-militar /$cGabriela Pesclevi.
=264  \1$aCiudad Autónoma de Buenos Aires :$bEdiciones Biblioteca Nacional,$c[2014]
=300  \\$a303 pages :$billustrations (some color) ;$c20 cm
=336  \\$atext$btxt$2rdacontent
=337  \\$aunmediated$bn$2rdamedia
=338  \\$avolume$bnc$2rdacarrier
=504  \\$aContains list of children's literature, censored during the Argentine dictartorships, that make up Colección Libros que muerden, available at Biblioteca La Chicharra (Asociación Civil La Grieta, La Plata, Argentina).
=504  \\$aIncludes bibliographical references (pages 301-303).
=650  \0$aProhibited books$zArgentina$vBibliography.
=650  \0$aChildren's literature$vBibliography.
=650  \0$aChildren's literature$xCensorship$zArgentina$vCase studies.
=650  \0$aCensorship$zArgentina$xHistory$y20th century.
=651  \0$aArgentina$xPolitics and government$y1955-1983.
=852  41$aBritish Library$bHMNTS$jYF.2015.a.14679
=856  41$uhttp://core.cambeiro.com.ar/0-173963-0.pdf
=CAT  \\$a9701$b40$c20150506$lBLL01$h1358
=CAT  \\$a11131$b40$c20150722$lBLL01$h1117
=FIN  \\$aY$d20150722
=FMT  \\$a  BK
=LAS  \\$a11131$b40$c20150722$lBLL01$h1117
=SRC  \\$aBLL02

