=LDR  01941 am a2200505 i 4500
=001  017186884
=003  Uk
=005  20170316120059.0
=008  141016s2014\\\\ag\a\\\\\\\\\\000\0\spa\d
=010  \\$a  2016365012
=020  \\$a9789500747370
=020  \\$a9500747375
=035  \\$a(OCoLC)908449047
=040  \\$aAR-BaFGC$beng$cDLC$dMNU$dOCLCF$dOCLCO$dOCL$dOCLCQ$dUk$erda
=042  \\$aukblderived
=043  \\$an-us---$as-ag---
=050  00$aE183.8.A7$bO366 2014
=100  1\$aO'Donnell, Santiago,$eauthor.
=245  10$aPolitileaks :$btodo lo que la política argentina quiso esconder : sus secretos en Wikileaks de la A a la Z /$cSantiago O'Donnell.
=264  \1$aBuenos Aires :$bSudamericana,$c[2014]
=300  \\$a327 pages :$billustrations ;$c23 cm
=336  \\$atext$btxt$2rdacontent
=337  \\$aunmediated$bn$2rdamedia
=338  \\$avolume$bnc$2rdacarrier
=610  20$aWikiLeaks (Organization)
=610  27$aWikiLeaks (Organization)$2fast$0(OCoLC)fst01795978
=648  \7$aSince 2002$2fast
=650  \0$aLeaks (Disclosure of information)$zUnited States.
=650  \7$aDiplomatic relations.$2fast$0(OCoLC)fst01907412
=650  \7$aLeaks (Disclosure of information)$2fast$0(OCoLC)fst00994785
=650  \7$aPolitics and government.$2fast$0(OCoLC)fst01919741
=651  \0$aUnited States$xForeign relations$zArgentina.
=651  \0$aArgentina$xForeign relations$zUnited States.
=651  \0$aArgentina$xPolitics and government$y2002-
=651  \7$aArgentina.$2fast$0(OCoLC)fst01205614
=651  \7$aUnited States.$2fast$0(OCoLC)fst01204155
=852  41$aBritish Library$bHMNTS$jYF.2017.a.7335
=856  41$uhttp://core.cambeiro.com.ar/0-109555-95.pdf
=CAT  \\$a9701$b40$c20150506$lBLL01$h1402
=CAT  \\$aFIX-001$c20151007$lBLL01$h1812
=CAT  \\$a11131$b40$c20170316$lBLL01$h1200
=FIN  \\$aY$d20170316
=FMT  \\$a  BK
=LAS  \\$a11131$b40$c20170316$lBLL01$h1200
=SID  \\$aZ39$bOCLC

