=LDR  01820 am a2200457 i 4500
=001  017186900
=003  Uk
=005  20160719110439.0
=008  140527s2013\\\\ag\\\\\\\b\\\f000\0\spa\d
=010  \\$a  2012516544
=020  \\$a9789873617065
=035  \\$a(AR-BaFGC)0-156490/14
=040  \\$aAR-BaFGC$beng$cAR-BaFGC$dDLC$dUk$erda
=042  \\$aukblcatcopy
=043  \\$as-ag---$acl-----
=050  00$aLC92.A7$bH57 2013
=245  00$aHistoria de la educación popular :$bexperiencias hegemónicas y contrahegemónicas en Latinoamérica (1870-1940) /$cRoberto Elisalde, Martín Acri y Daniel Duarte (comps.).
=264  \1$aCiudad Autónoma de Buenos Aires :$bEditorial de la Facultad de Filosofía y Letras, Universidad de Buenos Aires,$c[2013]
=300  \\$a289 pages ;$c20 cm.
=336  \\$atext$btxt$2rdacontent
=337  \\$aunmediated$bn$2rdamedia
=338  \\$avolume$bnc$2rdacarrier
=490  0\$aColección Libros de cátedra
=504  \\$aIncludes bibliographical references.
=650  \0$aEducation and state$zArgentina$xHistory.
=650  \0$aEducation and state$zLatin America$xHistory.
=650  \0$aPopular education$zArgentina$xHistory.
=650  \0$aPopular education$zLatin America$xHistory.
=700  1\$aElisalde, Roberto,$eeditor.
=700  1\$aAcri, Martín Alberto,$eeditor.
=700  1\$aDuarte, Daniel,$eeditor.
=710  2\$aUniversidad de Buenos Aires.$bCátedra: Problemas de Historia Americana.
=852  41$aBritish Library$bHMNTS$jYF.2016.a.16612
=856  41$uhttp://core.cambeiro.com.ar/0-156490-14.pdf
=CAT  \\$a9701$b40$c20150506$lBLL01$h1417
=CAT  \\$aBATCH-UPD$b40$c20150506$lBLL01$h1418
=CAT  \\$a5703$b40$c20160719$lBLL01$h1104
=FIN  \\$aY$d20160719
=FMT  \\$a  BK
=LAS  \\$a5703$b40$c20160719$lBLL01$h1104
=SRC  \\$aBLL02

