=LDR  01419 am a2200409 i 4500
=001  017186905
=003  Uk
=005  20160213085124.0
=008  140514s2013\\\\ag\\\\\\\b\\\\000\0\spa\d
=010  \\$a  2012516575
=020  \\$a9789502321745
=035  \\$a(AR-BaFGC)0-12235/32
=040  \\$aAR-BaFGC$cAR-BaFGC$dDLC$dUk$erda
=042  \\$aukblderived
=050  00$aPQ6324.Z5$bM57 2013
=245  00$aMisceláneas ejemplares :$balgunas claves para leer la colección de novelas cervantinas /$cAlicia Parodi, Noelia Vitali, coordinadoras.
=250  \\$a1o edición.
=264  \1$aCiudad de Buenos Aires :$bEudeba,$c2013.
=300  \\$a276 pages ;$c23 cm.
=336  \\$atext$2rdacontent
=337  \\$aunmediated$2rdamedia
=338  \\$avolume$2rdacarrier
=490  0\$aEnsayos
=504  \\$aIncludes bibliographical references.
=600  10$aCervantes Saavedra, Miguel de,$d1547-1616.$tNovelas ejemplares.
=700  1\$aParodi, Alicia,$eauthor,$eeditor.
=700  1\$aVitali, Noelia,$eauthor,$eeditor.
=700  1\$aParodi, Alicia.$tAlonso.
=852  41$aBritish Library$bHMNTS$jYF.2016.a.4112
=856  41$uhttp://core.cambeiro.com.ar/0-12235-32.pdf
=CAT  \\$a9701$b40$c20150506$lBLL01$h1422
=CAT  \\$aBATCH-UPD$b40$c20150903$lBLL01$h1047
=CAT  \\$a11002$b40$c20160213$lBLL01$h0851
=FIN  \\$aY$d20160213
=FMT  \\$a  BK
=LAS  \\$a11002$b40$c20160213$lBLL01$h0851
=SRC  \\$aBLL02

