=LDR  01787 am a2200457 a 4500
=001  017190546
=003  Uk
=005  20170201111454.0
=008  130320s2012\\\\ag\ab\\\\b\\\\000\0\spa\d
=010  \\$a  2012519878
=020  \\$a9789871432998
=035  \\$a(AR-BaFGC)0-155159/8
=040  \\$aAR-BaFGC$cAR-BaFGC$dDLC$dUk
=042  \\$aukblderived
=043  \\$as------
=050  00$aF2230.1.S7$bR47 2012
=245  00$aReproducción social y creación de desigualdades :$bdiscusiones desde la antropología y la arqueología suramericanas /$cHope Henderson, Sebastián Fajardo Bernal [coordinadores ; autores, Alejandro Bernal Vélez ... et al.].
=250  \\$a1o ed.
=260  \\$aCórdoba, Argentina :$bEncuentro Grupo Editor ;$a[Catamarca, Argentina] :$bUniversidad Nacional de Catamarca, Facultad de Humanidades,$c2012.
=300  \\$a227 p. :$bills., maps ;$c25 cm.
=336  \\$atext$2rdacontent
=337  \\$aunmediated$2rdamedia
=338  \\$avolume$2rdacarrier
=490  0\$aColección Contextos humanos ;$v16
=490  0\$aSerie Inter/cultura ;$v10
=504  \\$aIncludes bibliographical references.
=650  \0$aIndians of South America$xSocial life and customs.
=650  \0$aSocial structure$zSouth America$xHistory.
=650  \0$aIndians of South America$xAntiquities.
=651  \0$aSouth America$xAntiquities.
=700  1\$aHenderson, Hope.
=700  1\$aFajardo Bernal, Sebastián.
=852  41$aBritish Library$bHMNTS$jYF.2017.a.2679
=856  41$uhttp://core.cambeiro.com.ar/0-155159-8.pdf
=CAT  \\$a6503$b40$c20150508$lBLL01$h0911
=CAT  \\$aWR14_128$c20160226$lBLL01$h1631
=CAT  \\$a11131$b40$c20170201$lBLL01$h1114
=FIN  \\$aY$d20170201
=FMT  \\$a  BK
=LAS  \\$a11131$b40$c20170201$lBLL01$h1114
=SRC  \\$aBLL02

