=LDR  01273 am a2200385 i 4500
=001  017190552
=003  Uk
=005  20150825175845.0
=008  141229s2014\\\\ag\\\\\\\\\\\\001\0\spa\d
=010  \\$a  2014510235
=020  \\$a9789871709304 (paperback)
=035  \\$a(AR-BaFGC)0-176751/0
=040  \\$aAR-BaFGC$beng$cAR-BaFGC$dDLC$dUk$erda
=042  \\$aukblsr
=043  \\$acl-----
=050  00$aPN1993.5.L3$bC35 2014
=100  1\$aCalvo, Guadi,$d1955-$eauthor.
=245  10$aEstética de la desesperación :$bviolencia, marginalidad y política en el cine latinoamericano /$cGuadi Calvo.
=250  \\$a1o edición.
=264  \1$aBuenos Aires, Argentina :$bEdiciones Luxemburg,$cseptiembre de 2014.
=300  \\$a208 pages ;$c23 cm
=336  \\$atext$2rdacontent
=337  \\$aunmediated$2rdamedia
=338  \\$avolume$2rdacarrier
=500  \\$aIncludes index.
=650  \0$aMotion pictures$zLatin America$xHistory.
=852  41$aBritish Library$bHMNTS$jYF.2015.a.17707
=856  41$uhttp://core.cambeiro.com.ar/0-176751-0.pdf
=985  \\$eGC-FY15
=CAT  \\$a6503$b40$c20150508$lBLL01$h0924
=CAT  \\$a11342$b40$c20150825$lBLL01$h1758
=FIN  \\$aY$d20150825
=FMT  \\$a  BK
=LAS  \\$a11342$b40$c20150825$lBLL01$h1758
=SID  \\$aZ39$bLOC

