=LDR  01600 am a2200421 i 4500
=001  017190576
=003  Uk
=005  20150811141757.0
=008  130923s2013\\\\ag\\\\\\\b\\\\000\0\spa\d
=010  \\$a  2014510136
=020  \\$a9789871185597
=035  \\$a(AR-BaFGC)0-170571/1
=040  \\$aAR-BaFGC$beng$cAR-BaFGC$dDLC$dUk$erda
=042  \\$aukblcatcopy
=050  00$aF2846.S24745$bP46 2013
=100  10$aPellicer, Jaime O.,$eauthor.
=245  10$a¿Quiénes escribieron Facundo de Sarmiento? /$cJames O. Pellicer, Professor Emeritus, Hunter College of the City University of New York.
=264  \1$aCapital Federal [Argentina] :$bTopía Editorial,$c[2013]
=300  \\$a176 pages ;$c23 cm.
=336  \\$atext$2rdacontent
=337  \\$aunmediated$2rdamedia
=338  \\$avolume$2rdacarrier
=490  0\$aColección Autores hoy
=500  \\$aPublished in Buenos Aires.
=504  \\$aIncludes bibliographical references (pages 167-172).
=600  10$aSarmiento, Domingo Faustino,$d1811-1888$xAuthorship$xCollaboration.
=600  10$aLópez, Vicente Fidel,$d1815-1903$xAuthorship$xCollaboration.
=600  10$aSarmiento, Domingo Faustino,$d1811-1888.$tFacundo.
=852  41$aBritish Library$bHMNTS$jYF.2015.a.16127
=856  41$uhttp://core.cambeiro.com.ar/0-170571-1.pdf
=CAT  \\$a6503$b40$c20150508$lBLL01$h0952
=CAT  \\$aBATCH-UPD$b40$c20150508$lBLL01$h0952
=CAT  \\$a5703$b40$c20150811$lBLL01$h1417
=CAT  \\$aBATCH-UPD$b40$c20160611$lBLL01$h0016
=FIN  \\$aY$d20150811
=FMT  \\$a  BK
=LAS  \\$aBATCH-UPD$b40$c20160611$lBLL01$h0016
=SRC  \\$aBLL02

