=LDR  01645 am a2200433 i 4500
=001  017433415
=003  Uk
=005  20150922082050.0
=008  150310s2014\\\\ag\a\\\\\b\\\\000\0\spa\d
=010  \\$a  2014510632
=020  \\$a9789876980678
=035  \\$a(AR-BaFGC)0-167778/3
=040  \\$aAR-BaFGC$beng$cAR-BaFGC$dDLC$dUk$erda
=042  \\$aukblderived
=043  \\$as-ag---
=050  00$aF2821.3.A8$bC67 2014
=100  1\$aCornejo, Mariano,$eauthor.
=245  13$aEl señor de la serpiente :$bsimbología de los petroglifos del cerro de la escuelita vieja, Colina Kawsany, de Potrero de Payogasta /$cMariano Cornejo.
=264  \1$aSalta, Argentina :$bMundo Editorial,$c[2014]
=300  \\$a170 pages :$billustrations ;$c25 cm.
=336  \\$atext$2rdacontent
=337  \\$aunmediated$2rdamedia
=338  \\$avolume$2rdacarrier
=490  0\$aCornejo Aráoz colección
=504  \\$aIncludes bibliographical references (pages 163-167).
=650  \0$aIndian art$zArgentina$zSalta (Province)$xThemes, motives.
=650  \0$aPetroglyphs$zArgentina$zSalta (Province)
=650  \0$aIndians of South America$zArgentina$zSalta (Province)$xAntiquities.
=651  \0$aSalta (Argentina : Province)$xAntiquities.
=852  41$aBritish Library$bHMNTS$jYF.2015.b.1660
=856  41$uhttp://core.cambeiro.com.ar/0-167778-3.pdf
=CAT  \\$a9518$b40$c20150706$lBLL01$h1605
=CAT  \\$aBATCH-UPD$b40$c20150706$lBLL01$h1605
=CAT  \\$a11131$b40$c20150922$lBLL01$h0820
=CAT  \\$aBATCH-UPD$b40$c20190814$lBLL01$h2026
=FIN  \\$aY$d20150922
=FMT  \\$a  BK
=LAS  \\$aBATCH-UPD$b40$c20190814$lBLL01$h2026
=SRC  \\$aBLL02

