=LDR  01715 am a2200421 i 4500
=001  017433425
=003  Uk
=005  20160126090616.0
=008  150109s2014\\\\ag\a\\\\\b\\\\000\0\spa\d
=010  \\$a  2014510176
=020  \\$a9789874555403
=035  \\$a(AR-BaFGC)0-176510/0
=040  \\$aAR-BaFGC$beng$cAR-BaFGC$dDLC$dUK$erda
=042  \\$aukblderived
=043  \\$as-ag---
=050  00$aLC505.A72$bC67 2014
=100  1\$aMoretti, Nicolás Domingo,$d1986-$eauthor.
=245  10$aBuenos cristianos y honrados ciudadanos :$bla obra salesiana y la cuestión social : Córdoba 1905-1930 /$cNicolás D. Moretti.
=264  \1$aCórdoba, República Argentina :$bCentro de Estudios Históricos "Prof. Carlos S. A. Segreti",$c[2014]
=300  \\$a174 pages, :$billustrations ;$c24 cm
=336  \\$atext$2rdacontent
=337  \\$aunmediated$2rdamedia
=338  \\$avolume$2rdacarrier
=504  \\$aIncludes bibliographical references (pages 169-174).
=650  \0$aSalesians$xEducation$zArgentina$zCórdoba$xHistory$y20th century.
=650  \0$aChurch work with youth$zArgentina$zCórdoba$xHistory$y20th century.
=650  \0$aChurch work with youth$xCatholic Church.
=650  \0$aChurch work with the poor$zArgentina$zCórdoba$xHistory$y20th century.
=650  \0$aChurch work with the poor$xCatholic Church.
=650  \0$aCharities$zArgentina$zCórdoba$xHistory$y20th century.
=852  41$aBritish Library$bHMNTS$jYF.2016.a.2668
=856  41$uhttp://core.cambeiro.com.ar/0-176510-0.pdf
=CAT  \\$a9518$b40$c20150706$lBLL01$h1624
=CAT  \\$a11131$b40$c20160126$lBLL01$h0906
=FIN  \\$aY$d20160126
=FMT  \\$a  BK
=LAS  \\$a11131$b40$c20160126$lBLL01$h0906
=SRC  \\$aBLL02

