=LDR  01420 am a2200409 i 4500
=001  017439785
=003  Uk
=005  20160126110402.0
=008  140505s2014\\\\ag\\\\\\\\\\\\000\0dspa\d
=010  \\$a  2012516577
=020  \\$a9789500747547
=035  \\$a(AR-BaFGC)0-109555/88
=040  \\$aAR-BaFGC$cAR-BaFGC$dDLC$dUk$erda
=042  \\$aukblderived
=043  \\$as-ck---$as-ag---
=050  00$aHV5840.C7$bM475 2014
=100  1\$aMessi, Virginia,$d1968-$eauthor.
=245  10$aNarcolandia :$bpor qué la Argentina se convirtió en el paraíso de los traficantes colombianos /$cVirginia Messi y Juan Manuel Bordón.
=246  1\$iAt head of title on cover:$aPolítica, sicarios y negocios
=264  \1$aBuenos Aires :$bSudamericana,$c[2014]
=300  \\$a286 pages ;$c23 cm
=336  \\$atext$2rdacontent
=337  \\$aunmediated$2rdamedia
=338  \\$avolume$2rdacarrier
=650  \0$aDrug dealers$zColombia.
=650  \0$aDrug dealers$zArgentina.
=650  \0$aMoney laundering$zArgentina.
=650  \0$aDrug control$zArgentina.
=700  1\$aBordón, Juan Manuel,$d1982-$eauthor.
=852  41$aBritish Library$bHMNTS$jYF.2016.a.2702
=856  41$uhttp://core.cambeiro.com.ar/0-109555-88.pdf
=CAT  \\$a6503$b40$c20150709$lBLL01$h0939
=CAT  \\$a11131$b40$c20160126$lBLL01$h1104
=FIN  \\$aY$d20160126
=FMT  \\$a  BK
=LAS  \\$a11131$b40$c20160126$lBLL01$h1104
=SRC  \\$aBLL02

