=LDR  01368 am a22004097i 4500
=001  017439823
=003  Uk
=005  20160114112443.0
=008  150116s2014\\\\ag\\\\\\\b\\\\000\0\spa\d
=020  \\$a9789870276586
=020  \\$a987027658X
=035  \\$a(OCoLC)911269794
=040  \\$aAR-BaFGC$beng$cN15$dOCLCO$dUk$erda
=042  \\$aukblderived
=043  \\$as-ag---$as-uy---
=050  \4$aF2848$b.S38 2014
=100  1\$aSchusman, Jorge,$eauthor.
=245  10$aRadicales y batllistas /$cJorge Schusman.
=264  \1$aBuenos Aires :$bEditorial Dunken,$c2014.
=300  \\$a183 pages ;$c23 cm
=336  \\$atext$2rdacontent
=337  \\$aunmediated$2rdamedia
=338  \\$avolume$2rdacarrier
=504  \\$aIncludes bibliographical references (pages 175-179).
=610  20$aUnión Cívica Radical$xHistory.
=610  20$aPartido Colorado (Uruguay)$xHistory.
=651  \0$aArgentina$xPolitics and government$y20th century.
=651  \0$aUruguay$xPolitics and government$y20th century.
=852  41$aBritish Library$bHMNTS$jYF.2016.a.1082
=856  41$uhttp://core.cambeiro.com.ar/0-176706-0.pdf
=CAT  \\$a9701$b40$c20150709$lBLL01$h1049
=CAT  \\$aBATCH-UPD$b40$c20151123$lBLL01$h2018
=CAT  \\$a10904$b40$c20160114$lBLL01$h1124
=FIN  \\$aY$d20160114
=FMT  \\$a  BK
=LAS  \\$a10904$b40$c20160114$lBLL01$h1124
=SID  \\$aZ39$bOCLC

