=LDR  02501 am a2200457 i 4500
=001  017439850
=003  Uk
=005  20150903131641.0
=008  150210s2014\\\\ag\\\\\\\b\\\\000\0\spa\d
=010  \\$a  2014510524
=020  \\$a9789876294461
=035  \\$a(AR-BaFGC)0-104313/50
=040  \\$aAR-BaFGC$beng$cAR-BaFGC$dDLC$dUk$erda
=042  \\$aukblderived
=043  \\$acl-----$as-ag---
=050  00$aHD2368.L29$bT47 2014
=245  03$aLa tercerización laboral :$borígenes, impacto y claves para su análisis en América Latina /$cVictoria Basualdo, Diego Morales (coords.) ; autores, Victoria Basualdo [and 6 others].
=264  \1$aBuenos Aires, Argentina :$bSiglo Veintiuno Editores,$c[2014]
=300  \\$a303 pages ;$c23 cm.
=336  \\$atext$2rdacontent
=337  \\$aunmediated$2rdamedia
=338  \\$avolume$2rdacarrier
=490  0\$aSociología y política
=504  \\$aIncludes bibliographical references.
=505  0\$aLa expansión de la tercerización a nivel global a mediados de losa años setenta, sus antecedentes históricos y su alcance actual / Victoria Basualdo y María Alejandra Esponda -- La tercerización en América Latina en las últimas décadas / Victoria Basualdo, María Alejandra Esponda y Diego Morales -- El caso del asesinato de Mariano Ferreyra y la problemática de la tercerización / Victoria Basualdo, Diego Morales y Andrés López Cabello -- La tercerización y el mercado de trabajo / Laura Perelman -- La subcontratación laboral : contraofensiva sindical y negociación colectiva / Andrea Del Bono -- Debates sobre la tercerización desde el campo del derecho / Guillermo Gianibelli -- La tercerización desde las voces de los trabajadores.
=650  \0$aContracting out$zLatin America.
=650  \0$aContracting out$zArgentina.
=700  1\$aBasualdo, Victoria,$eeditor.
=700  1\$aMorales, Diego R.,$eeditor.
=700  12$iContainer (of work)$aBasualdo, Victoria.$tTercerización en América Latina en las últimas décadas.
=852  41$aBritish Library$bHMNTS$jYF.2015.a.17890
=856  41$uhttp://core.cambeiro.com.ar/0-104313-50.pdf
=CAT  \\$a6503$b40$c20150709$lBLL01$h1126
=CAT  \\$a10904$b40$c20150903$lBLL01$h0813
=CAT  \\$a8962$b40$c20150903$lBLL01$h1316
=CAT  \\$aBATCH-UPD$b40$c20150903$lBLL01$h1317
=CAT  \\$aBATCH-UPD$b40$c20190908$lBLL01$h0251
=FIN  \\$aY$d20150903
=FMT  \\$a  BK
=LAS  \\$aBATCH-UPD$b40$c20190908$lBLL01$h0251
=SID  \\$aZ39$bLOC

