=LDR  01354 am a22003857i 4500
=001  017439856
=003  Uk
=005  20150903084116.0
=008  150428s2014\\\\ag\a\\\\\b\\\\000\0\spa\d
=010  \\$a  2014512003
=020  \\$a9789500749251
=035  \\$a(AR-BaFGC)0-109555/100
=040  \\$aAR-BaFGC$beng$cAR-BaFGC$dDLC$dUk$erda
=042  \\$aukblderived
=043  \\$as-ag---
=050  00$aHV5840.A7$bB87 2014
=100  10$aBurzaco, Eugenio,$eauthor.
=245  13$aEl poder narco :$bdrogas, inseguridad y violencia en la Argentina /$cEugenio Burzaco, Sergio Berensztein ; con la colaboración de Gustavo Carbajal.
=264  \1$aBuenos Aires :$bSudamericana,$c[2014]
=300  \\$a259 pages :$billustrations ;$c23 cm
=336  \\$atext$2rdacontent
=337  \\$aunmediated$2rdamedia
=338  \\$avolume$2rdacarrier
=504  \\$aIncludes bibliographical references.
=650  \0$aDrug traffic$xPolitical aspects$zArgentina.
=700  1\$aBerensztein, Sergio,$eauthor.
=852  41$aBritish Library$bHMNTS$jYF.2015.a.17927
=856  41$uhttp://core.cambeiro.com.ar/0-109555-100.pdf
=CAT  \\$a6503$b40$c20150709$lBLL01$h1129
=CAT  \\$aBATCH-UPD$b40$c20150709$lBLL01$h1130
=CAT  \\$a10904$b40$c20150903$lBLL01$h0841
=FIN  \\$aY$d20150903
=FMT  \\$a  BK
=LAS  \\$a10904$b40$c20150903$lBLL01$h0841
=SID  \\$aZ39$bLOC

