=LDR  01151 am a2200361 i 4500
=001  017439864
=003  Uk
=005  20160126105825.0
=008  150415s2014\\\\ag\\\\\\\\\\\\000\0\spa\d
=010  \\$a  2014510764
=020  \\$a9789500748599
=035  \\$a(AR-BaFGC)0-109555/92
=040  \\$aAR-BaFGC$beng$cAR-BaFGC$dDLC$dUk$erda
=042  \\$aukblderived
=043  \\$as-ag---
=050  00$aJL2029.C6$bG37 2014
=100  1\$aGasulla, Luis$c(Journalist),$eauthor.
=245  13$aEl negocio de la impunidad :$bla herencia K /$cLuis Gasulla.
=264  \1$aBuenos Aires :$bSudamericana,$c[2014]
=300  \\$a301 pages ;$c23 cm
=336  \\$atext$2rdacontent
=337  \\$aunmediated$2rdamedia
=338  \\$avolume$2rdacarrier
=650  \0$aPolitical corruption$zArgentina.
=651  \0$aArgentina$xPolitics and government$y2002-
=852  41$aBritish Library$bHMNTS$jYF.2016.a.2724
=856  41$uhttp://core.cambeiro.com.ar/0-109555-92.pdf
=CAT  \\$a6503$b40$c20150709$lBLL01$h1135
=CAT  \\$a11131$b40$c20160126$lBLL01$h1058
=FIN  \\$aY$d20160126
=FMT  \\$a  BK
=LAS  \\$a11131$b40$c20160126$lBLL01$h1058
=SID  \\$aZ39$bLOC

