=LDR  01883 am a2200445 i 4500
=001  017439898
=003  Uk
=005  20170518083242.0
=008  130923s2013\\\\ag\a\\\\\b\\\\000\0\spa\d
=020  \\$a9789872961404
=020  \\$a9872961409
=035  \\$a(OCoLC)881721353
=040  \\$aAR-BaFGC$beng$cN15$dOCLCO$dOCLCF$dUk$erda
=042  \\$aukblderived
=043  \\$as-ag---
=050  \4$aHV9585.B82$bC37 2013
=100  1\$aCesaroni, Claudia,$eauthor.
=245  10$aMasacre en el pabellón séptimo /$cidea, coordinación general y redacción del libro, Claudia Cesaroni, abogada y magíster en Criminología, presidenta del Centro de Estudios en Política Criminal y Derechos Humanos ; equipo de investigación, Hugo Cardozo, Graciela Draguicevich [and seventeen others].
=264  \1$a[Temperley, Argentina] :$bTren en Movimiento,$c[2013?]
=300  \\$a332 pages :$billustrations ;$c23 cm
=336  \\$atext$2rdacontent
=337  \\$aunmediated$2rdamedia
=338  \\$avolume$2rdacarrier
=504  \\$aIncludes bibliographical references (pages 327-332).
=610  20$aCárcel de Encausados (Buenos Aires, Argentina)
=610  27$aCárcel de Encausados (Buenos Aires, Argentina)$2fast$0(OCoLC)fst00687374
=650  \0$aPrison riots$zArgentina$zBuenos Aires.
=650  \0$aPolice brutality$zArgentina$zBuenos Aires.
=650  \7$aPolice brutality.$2fast$0(OCoLC)fst01068571
=650  \7$aPrison riots.$2fast$0(OCoLC)fst01077075
=651  \7$aArgentina$zBuenos Aires.$2fast$0(OCoLC)fst01205786
=700  1\$aCardozo, Hugo,$eauthor.
=852  41$aBritish Library$bHMNTS$jYF.2017.a.13225
=856  41$uhttp://core.cambeiro.com.ar/0-170575-0.pdf
=CAT  \\$a6503$b40$c20150709$lBLL01$h1206
=CAT  \\$a11002$b40$c20170518$lBLL01$h0832
=FIN  \\$aY$d20170518
=FMT  \\$a  BK
=LAS  \\$a11002$b40$c20170518$lBLL01$h0832
=SID  \\$aZ39$bOCLC

