=LDR  01785 am a2200445 i 4500
=001  017439900
=003  Uk
=005  20160126083651.0
=008  150424s2013\\\\ag\ab\\\\b\\\f000\0\spa\d
=010  \\$a  2014512011
=020  \\$a9789507214325
=035  \\$a(AR-BaFGC)0-175266/2
=040  \\$aAR-BaFGC$beng$cAR-BaFGC$dDLC$dUk$erda
=042  \\$aukblderived
=043  \\$as-ag---
=050  00$aHD7287.96.A72$bJ855 2013
=100  1\$aJerez, Marcelo,$eauthor.
=245  13$aEl problema de la vivienda en Jujuy :$bdurante los gobiernos populares (1946-1962) /$cMarcelo Jerez.
=264  \1$aSan Salvador de Jujuy, Pcia. de Jujuy, Argentina :$bUniversidad Nacional de Jujuy,$c2013.
=300  \\$a196 pages :$billustrations, maps ;$c24 cm.
=336  \\$atext$2rdacontent
=337  \\$aunmediated$2rdamedia
=338  \\$avolume$2rdacarrier
=490  0\$aColección "Pasado pensado". Serie "Perspectivas"
=500  \\$aBased on the author's thesis (licenciado)--Universidad Nacional de Jujuy, 2006.
=504  \\$aIncludes bibliographical references (pages 183-193).
=610  20$aUnión Cívica Radical Intransigente (Argentina)
=650  \0$aLow-income housing$zArgentina$zJujuy (Province)$xHistory$y20th century.
=650  \0$aHousing policy$zArgentina$zJujuy (Province)$xHistory$y20th century.
=650  \0$aPeronism.
=651  \0$aJujuy (Argentina : Province)$xPolitics and government$y20th century.
=852  41$aBritish Library$bHMNTS$jYF.2016.a.2671
=856  41$uhttp://core.cambeiro.com.ar/0-175266-2.pdf
=CAT  \\$a6503$b40$c20150709$lBLL01$h1212
=CAT  \\$aBATCH-UPD$b40$c20151106$lBLL01$h2018
=CAT  \\$a11131$b40$c20160126$lBLL01$h0836
=FIN  \\$aY$d20160126
=FMT  \\$a  BK
=LAS  \\$a11131$b40$c20160126$lBLL01$h0836
=SID  \\$aZ39$bLOC

