=LDR  01719 am a2200433 i 4500
=001  017439901
=003  Uk
=005  20160126092006.0
=008  131202s2013\\\\ag\a\\\\\b\\\\000\0\spa\d
=010  \\$a  2012516234
=020  \\$a9789876521222
=035  \\$a(AR-BaFGC)0-171385/0
=040  \\$aAR-BaFGC$beng$cAR-BaFGC$dDLC$dUK$erda
=042  \\$aukblderived
=043  \\$as-ag---
=050  00$aHD8266.5$b.P47 2013
=100  1\$aPérez Aguirre, Martín,$d1974-$eauthor.
=245  10$aPalabras de plomo :$bla violencia politica y la lucha de clases en los 70s : un nuevo enfoque del conflicto histórico entre capital y trabajo por el reparto de la riqueza /$cMartín Pérez Aguirre.
=250  \\$a1o edición.
=264  \1$aC.A.B.A., Argentina :$bEC, Ediciones Cooperativas,$c[2013]
=300  \\$a392 pages :$billustrations ;$c21 cm
=336  \\$atext$2rdacontent
=337  \\$aunmediated$2rdamedia
=338  \\$avolume$2rdacarrier
=500  \\$aPublished in Buenos Aires, Argentina.
=500  \\$aBased on the author's thesis (master's)--Universidad de Buenos Aires.
=504  \\$aIncludes bibliographical references (pages 379-392).
=650  \0$aWorking class$xPolitical activity$zArgentina$xHistory$y20th century.
=650  \0$aPolitical violence$zArgentina$xHistory$y20th century.
=651  \0$aArgentina$xPolitics and government$y1943-
=651  \0$aArgentina$xEconomic policy.
=852  41$aBritish Library$bHMNTS$jYF.2016.a.2634
=856  41$uhttp://core.cambeiro.com.ar/0-171385-0.pdf
=CAT  \\$a6503$b40$c20150709$lBLL01$h1214
=CAT  \\$a11131$b40$c20160126$lBLL01$h0920
=FIN  \\$aY$d20160126
=FMT  \\$a  BK
=LAS  \\$a11131$b40$c20160126$lBLL01$h0920
=SRC  \\$aBLL02

