=LDR  01987 am a2200505 i 4500
=001  017439906
=003  Uk
=005  20150922081144.0
=008  140807s2014\\\\ag\a\\\\\b\\\\001\0bspa\c
=020  \\$a9789872929398
=020  \\$a9872929394
=035  \\$a(OCoLC)904186607
=040  \\$aAR-BaFGC$beng$cN15$dOCLCO$dCGU$dUk$erda
=042  \\$aukblderived
=043  \\$as-ag---
=050  \4$aF2849.22.V55$bA77 2014$aHV6322.3
=100  1\$aArrosagaray, Enrique,$eauthor.
=245  10$aBiografía de Azucena Villafor :$bcreadora del Movimiento Madres de Plaza de Mayo /$cEnrique Arrosagaray.
=246  30$aAzucena Villaflor
=264  \1$aItuzaingó, Provincia de Buenos Aires :$bEditorial Cienflores,$c[2014]
=264  \3$aVilla Lynch-San Martín, Provincia de Buenos Aires :$bGráfica LAF,$c2014.
=300  \\$ax, 267 pages :$billustrations ;$c20 cm.
=336  \\$atext$2rdacontent
=337  \\$aunmediated$2rdamedia
=338  \\$avolume$2rdacarrier
=490  1\$aColección Biblioteca 8 de Marzo
=500  \\$aRevised and augmented edition of book originally self-published by author in 1997.
=504  \\$aIncludes bibliographical references and index.
=600  10$aVillaflor, Azucena,$d1924-
=610  20$aMadres de Plaza de Mayo (Association)
=650  \0$aMothers$zArgentina$zBuenos Aires$vBiography.
=650  \0$aWomen human rights workers$zArgentina$vBiography.
=650  \0$aDisappeared persons$zArgentina$vBiography.
=650  \0$aVictims of state-sponsored terrorism$zArgentina$vBiography.
=650  \0$aHuman rights$zArgentina.
=650  \0$aPolitical persecution$zArgentina.
=830  \0$aColección biblioteca 8 de marzo.
=852  41$aBritish Library$bHMNTS$jYF.2015.a.19632
=856  41$uhttp://core.cambeiro.com.ar/0-174539-2.pdf
=CAT  \\$a6503$b40$c20150709$lBLL01$h1220
=CAT  \\$a11131$b40$c20150922$lBLL01$h0811
=FIN  \\$aY$d20150922
=FMT  \\$a  BK
=LAS  \\$a11131$b40$c20150922$lBLL01$h0811
=SID  \\$aZ39$bOCLC

