=LDR  01610 am a2200433 i 4500
=001  017439926
=003  Uk
=005  20150922082732.0
=008  150421e201312\\ag\\\\\\\b\\\\001\0\spa\d
=010  \\$a  2014510876
=020  \\$a9789872267223
=035  \\$a(AR-BaFGC)0-178137/1
=040  \\$aAR-BaFGC$beng$cAR-BaFGC$dDLC$dUk$erda
=042  \\$aukblderived
=043  \\$as-ag---
=050  00$aHX867$b.D64 2013
=100  1\$aDoeswijk, Andreas,$eauthor.
=245  14$aLos anarco-bolcheviques rioplatenses (1917-1930) /$cAndreas L. Doeswijk.
=250  \\$afirst edition.
=264  \1$aCiudad Autónoma de Buenos Aires :$bCeDInCI,$cdiciembre 2013.
=300  \\$a306 pages ;$c23 cm.
=336  \\$atext$2rdacontent
=337  \\$aunmediated$2rdamedia
=338  \\$avolume$2rdacarrier
=490  0\$aColección Ensayos e investigación ;$v2
=502  \\$aDoctoral$bUniversidade Estadual de Campinas$c1998.
=504  \\$aIncludes bibliographical references and index.
=650  \0$aAnarchists$zArgentina$xHistory$y20th century.
=650  \0$aAnarchists$zRio de la Plata Region (Argentina and Uruguay)$xHistory$y20th century.
=650  \0$aCommunists$zArgentina$xHistory$y20th century.
=650  \0$aCommunists$zRio de la Plata Region (Argentina and Uruguay)$xHistory$y20th century.
=852  41$aBritish Library$bHMNTS$jYF.2015.a.19558
=856  41$uhttp://core.cambeiro.com.ar/0-178137-1.pdf
=CAT  \\$a6503$b40$c20150709$lBLL01$h1339
=CAT  \\$a11131$b40$c20150922$lBLL01$h0827
=FIN  \\$aY$d20150922
=FMT  \\$a  BK
=LAS  \\$a11131$b40$c20150922$lBLL01$h0827
=SID  \\$aZ39$bLOC

