=LDR  01887 am a2200469 i 4500
=001  017439959
=003  Uk
=005  20150903091646.0
=008  141215s2014\\\\ag\\\\\\\b\\\f000\0\spa\d
=020  \\$a9789875583177
=020  \\$a9875583170
=035  \\$a(OCoLC)908342327
=040  \\$aAR-BaFGC$beng$cN15$dOCLCO$dCGU$dUk$erda
=042  \\$aukblderived
=043  \\$as-ag---
=050  \4$aHA37.A72$bG66 2014
=100  1\$aGonzález Bollo, Hernán,$eauthor.
=245  13$aLa fábrica de las cifras oficiales del Estado argentino (1869-1947) /$cHernán González Bollo.
=264  \1$aBernal, Provincia de Buenos Aires, República Argentina :$bUniversidad Nacional de Quilmes Editorial,$c2014.
=300  \\$a284 pages ;$c23 cm.
=336  \\$atext$2rdacontent
=337  \\$aunmediated$2rdamedia
=338  \\$avolume$2rdacarrier
=490  1\$aColección Convergencia. Entre memoria y sociedad
=500  \\$aBased on the author's thesis (doctoral)--Universidad Torcuato Di Tella, 2007.
=504  \\$aIncludes bibliographical references (pages 251-280).
=651  \0$aArgentina$xStatistical services$xHistory$y19th century.
=651  \0$aArgentina$xStatistical services$xHistory$y20th century.
=651  \0$aArgentina$xStatistics$xHistory$y19th century.
=651  \0$aArgentina$xStatistics$xHistory$y20th century.
=651  \0$aArgentina$xCensus$xHistory$y19th century.
=651  \0$aArgentina$xCensus$xHistory$y20th century.
=830  \0$aColección Convergencia.$pEntre memoria y sociedad.
=852  41$aBritish Library$bHMNTS$jYF.2015.a.17925
=856  41$uhttp://core.cambeiro.com.ar/0-103476-25.pdf
=CAT  \\$a6503$b40$c20150709$lBLL01$h1416
=CAT  \\$aBATCH-UPD$b40$c20150709$lBLL01$h1416
=CAT  \\$a10904$b40$c20150903$lBLL01$h0916
=FIN  \\$aY$d20150903
=FMT  \\$a  BK
=LAS  \\$a10904$b40$c20150903$lBLL01$h0916
=SID  \\$aZ39$bOCLC

