=LDR  01334 am a2200397 i 4500
=001  017439971
=003  Uk
=005  20160126111125.0
=008  141120s2014\\\\ag\\\\\\\b\\\\000\0bspa\d
=010  \\$a  2014510138
=020  \\$a9789504942405
=035  \\$a(AR-BaFGC)0-175961/0
=040  \\$aAR-BaFGC$beng$cAR-BaFGC$dDLC$dUk$erda
=042  \\$aukblderived
=043  \\$as------$as-ag---
=050  00$aF2235.4$b.P54 2014
=100  1\$aPigna, Felipe,$eauthor.
=245  13$aLa voz del gran jefe :$bvida y pensamiento de José de San Martín /$cFelipe Pigna.
=264  \1$aC.A.B.A. :$bPlaneta,$c[2014]
=300  \\$a555 pages ;$c23 cm
=336  \\$atext$2rdacontent
=337  \\$aunmediated$2rdamedia
=338  \\$avolume$2rdacarrier
=500  \\$aPublished in Buenos Aires.
=504  \\$aIncludes bibliographical references (pages 533-546).
=600  10$aSan Martín, José de,$d1776-1850.
=650  \0$aGenerals$zArgentina$vBiography.
=651  \0$aSouth America$xHistory$yWar of Independence, 1806-1830.
=852  41$aBritish Library$bHMNTS$jYF.2016.a.2700
=856  41$uhttp://core.cambeiro.com.ar/0-175961-0.pdf
=CAT  \\$a6503$b40$c20150709$lBLL01$h1431
=CAT  \\$a11131$b40$c20160126$lBLL01$h1111
=FIN  \\$aY$d20160126
=FMT  \\$a  BK
=LAS  \\$a11131$b40$c20160126$lBLL01$h1111
=SRC  \\$aBLL02

