=LDR  01492 am a2200409 i 4500
=001  017439981
=003  Uk
=005  20160126111410.0
=008  150414s2014\\\\ag\af\\\\b\\\\001\0cspa\d
=010  \\$a  2014510803
=020  \\$a9789500747394
=035  \\$a(AR-BaFGC)0-109555/96
=040  \\$aAR-BaFGC$beng$cAR-BaFGC$dDLC$dUk$erda
=042  \\$aukblderived
=043  \\$as-ag---
=050  00$aF2849.22.E38$bS46 2014
=100  1\$aSeoane, María,$eauthor.
=245  10$aBravas :$bAlicia Eguren de Cooke y Susana Pirí Lugones : dos mujeres para una pasión argentina /$cMaría Seoane.
=264  \1$aBuenos Aires :$bSudamericana,$c[2014]
=300  \\$a399 pages, 32 unnumbered pages of plates :$billustrations ;$c23 cm
=336  \\$atext$2rdacontent
=337  \\$aunmediated$2rdamedia
=338  \\$avolume$2rdacarrier
=504  \\$aIncludes bibliographical references (pages 367-377) and index.
=600  10$aEguren de Cooke, Alicia,$d1925-1977.
=600  10$aLugones, Susana,$d1925-1978.
=650  \0$aDisappeared persons$zArgentina$vBiography.
=651  \0$aArgentina$xPolitics and government$y1955-1983.
=852  41$aBritish Library$bHMNTS$jYF.2016.a.2701
=856  41$uhttp://core.cambeiro.com.ar/0-109555-96.pdf
=CAT  \\$a6503$b40$c20150709$lBLL01$h1438
=CAT  \\$aBATCH-UPD$b40$c20151102$lBLL01$h2033
=CAT  \\$a11131$b40$c20160126$lBLL01$h1114
=FIN  \\$aY$d20160126
=FMT  \\$a  BK
=LAS  \\$a11131$b40$c20160126$lBLL01$h1114
=SID  \\$aZ39$bLOC

