=LDR  01524 am a2200421 i 4500
=001  017440016
=003  Uk
=005  20150903132013.0
=008  150413s2014\\\\ag\\\\\\\b\\\\000\0\spa\d
=010  \\$a  2014510736
=020  \\$a9789876464536
=035  \\$a(AR-BaFGC)0-175855/0
=040  \\$aAR-BaFGC$beng$cAR-BaFGC$dDLC$dUk$erda
=042  \\$aukblderived
=043  \\$as-ag---$as-cl---
=050  00$aPQ7655$b.P485 2014
=100  1\$aPino, Mirian,$eauthor.
=240  00$aEssays.$kSelections
=245  10$aPoéticas fuera de lugar :$bel crimen en las literaturas del Cono Sur entre 1980-2010 /$cMirian Pino.
=264  \1$aCórdoba, República Argentina :$bAlción Editora,$c[2014]
=300  \\$a148 pages ;$c22 cm
=336  \\$atext$2rdacontent
=337  \\$aunmediated$2rdamedia
=338  \\$avolume$2rdacarrier
=504  \\$aIncludes bibliographical references.
=650  \0$aArgentine literature$y20th century$xHistory and criticism.
=650  \0$aArgentine literature$y21st century$xHistory and criticism.
=650  \0$aChilean literature$y20th century$xHistory and criticism.
=650  \0$aCrime in literature.
=650  \0$aChilean literature$y21st century$xHistory and criticism.
=852  41$aBritish Library$bHMNTS$jYF.2015.a.17949
=856  41$uhttp://core.cambeiro.com.ar/0-175855-0.pdf
=CAT  \\$a6503$b40$c20150709$lBLL01$h1534
=CAT  \\$a10904$b40$c20150903$lBLL01$h1320
=FIN  \\$aY$d20150903
=FMT  \\$a  BK
=LAS  \\$a10904$b40$c20150903$lBLL01$h1320
=SID  \\$aZ39$bLOC

