=LDR  01540 am a2200373 i 4500
=001  017440028
=003  Uk
=005  20150922084320.0
=008  150410s2014\\\\ag\\\\\\\b\\\\001\0bspa\d
=010  \\$a  2014510708
=020  \\$a9789500749213
=035  \\$a(AR-BaFGC)0-175838/1
=040  \\$aAR-BaFGC$beng$cAR-BaFGC$dDLC$dUk$erda
=042  \\$aukblderived
=050  00$aPQ7797.M277$bZ692 2014
=100  1\$aFerrer, Christian,$eauthor.
=245  13$aLa amargura metódica :$bvida y obra de Ezequiel Martínez Estrada /$cChristian Ferrer.
=264  \1$aBuenos Aires :$bSudamericana,$c[2014]
=300  \\$a619 pages ;$c23 cm
=336  \\$atext$2rdacontent
=337  \\$aunmediated$2rdamedia
=338  \\$avolume$2rdacarrier
=500  \\$a"Héctor Schmucler dirigió mi tesis de doctorado en la Facultad de Ciencias Sociales de la Universidad de Buenos Aires, que trataba aspectos específicos de la obra de Martínez Estrada, y de la cual conservé el nombre para este libro y su modelo de organización."--Page 601.
=504  \\$aIncludes bibliographical references (pages 587-599) and index.
=600  10$aMartínez Estrada, Ezequiel,$d1895-1964.
=650  \0$aAuthors, Argentine$y20th century$vBiography.
=852  41$aBritish Library$bHMNTS$jYF.2015.a.19548
=856  41$uhttp://core.cambeiro.com.ar/0-175838-1.pdf
=CAT  \\$a6503$b40$c20150709$lBLL01$h1553
=CAT  \\$a11131$b40$c20150922$lBLL01$h0843
=FIN  \\$aY$d20150922
=FMT  \\$a  BK
=LAS  \\$a11131$b40$c20150922$lBLL01$h0843
=SID  \\$aZ39$bLOC

