=LDR  01544 am a2200373 i 4500
=001  017440038
=003  Uk
=005  20150922115033.0
=008  131213s2013\\\\ag\\\\\\\b\\\\000\0\spa\d
=010  \\$a  2012516488
=020  \\$a9789505548095
=035  \\$a(AR-BaFGC)0-171498/0
=040  \\$aAR-BaFGC$cAR-BaFGC$dDLC$dUk$erda
=042  \\$aukblderived
=050  00$aPQ7390.K68$bZ73 2013
=100  1\$aLeón, Denise,$d1974-$eauthor.
=240  00$aEssays.$kSelections
=245  13$aEl mundo es un hilo de nombres :$bsobre la poesía de José Kozer /$cDenise León.
=264  \1$aSan Miguel de Tucumán [Argentina] :$bInstituto Interdisciplinario de Estudios Latinoamericanos, Facultad de Filosofía y Letras, Universidad Nacional de Tucumán,$c[2013]
=300  \\$a106 pages ;$c21 cm
=336  \\$atext$2rdacontent
=337  \\$aunmediated$2rdamedia
=338  \\$avolume$2rdacarrier
=504  \\$aIncludes bibliographical references (pages 101-106).
=505  0\$aEl hogar, el pan y los poemas -- El hilo de platino -- El texto que nunca se termina -- El vientre de la cebolla -- Las vidas de José Kozer -- El mundo es un hilo de nombres -- Sermo intimus.
=600  10$aKozer, José$xCriticism and interpretation.
=852  41$aBritish Library$bHMNTS$jYF.2015.a.19578
=856  41$uhttp://core.cambeiro.com.ar/0-171498-0.pdf
=CAT  \\$a6503$b40$c20150709$lBLL01$h1605
=CAT  \\$a11131$b40$c20150922$lBLL01$h1150
=FIN  \\$aY$d20150922
=FMT  \\$a  BK
=LAS  \\$a11131$b40$c20150922$lBLL01$h1150
=SRC  \\$aBLL02

