=LDR  01940 am a2200493 i 4500
=001  017440166
=003  Uk
=005  20150922094937.0
=008  150408s2014\\\\ag\a\\\\\b\\\\000\0\spa\d
=010  \\$a  2014510737
=020  \\$a9789507545146
=035  \\$a(AR-BaFGC)0-156261/14
=040  \\$aAR-BaFGC$beng$cAR-BaFGC$dDLC$dUk$erda
=042  \\$aukblderived
=043  \\$as-ag---
=050  00$aHG185.A7$bP47 2014
=100  1\$aPerosino, María Celeste,$eauthor.
=245  13$aLa dictadura del capital financiero :$bel golpe militar corporativo y la trama bursátil /$cCeleste Perosino, Walter Bosisio, Bruno Nápoli.
=250  \\$a1a edición.
=264  \1$aBuenos Aires, Argentina :$bPeña Lillo, Ediciones Continente,$c[2014]
=300  \\$a334 pages :$billustrations ;$c23 cm.
=336  \\$atext$2rdacontent
=337  \\$aunmediated$2rdamedia
=338  \\$avolume$2rdacarrier
=490  0\$aBiblioteca Artillería del pensamiento
=490  0\$aColección Autonomía
=504  \\$aIncludes bibliographical references.
=610  20$aComisión Nacional de Valores (Argentina)$xHistory$y20th century.
=650  \0$aFinance$zArgentina$xHistory$y20th century.
=650  \0$aFinancial institutions$zArgentina$xHistory$y20th century.
=651  \0$aArgentina$xHistory$yCoup d'état, 1976$xCauses.
=651  \0$aArgentina$xPolitics and government$y1955-1983.
=700  1\$aBosisio, Walter,$eauthor.
=700  1\$aNápoli, Bruno,$eauthor.
=710  2\$aComisión Nacional de Valores (Argentina).$bOficina de Derechos Humanos,$eissuing body.
=852  41$aBritish Library$bHMNTS$jYF.2015.a.19542
=856  41$uhttp://core.cambeiro.com.ar/0-156261-14.pdf
=CAT  \\$a6503$b40$c20150710$lBLL01$h0838
=CAT  \\$aBATCH-UPD$b40$c20150710$lBLL01$h0838
=CAT  \\$a11131$b40$c20150922$lBLL01$h0949
=FIN  \\$aY$d20150922
=FMT  \\$a  BK
=LAS  \\$a11131$b40$c20150922$lBLL01$h0949
=SID  \\$aZ39$bLOC

