=LDR  01059 am a2200349 a 4500
=001  015306717
=003  Uk
=005  20120607115410.0
=008  090707s2008\\\\ag\\\\\\\\\\\\000\d\spa\d
=010  \\$a2009400253
=020  \\$a9789872350895 (pbk.)
=035  \\$a(AR-BaFGC)0-147932/2
=040  \\$aAR-BaFGC$beng$cAR-BaFGC$dDLC$dUk
=042  \\$aukblsr
=050  00$aPQ7798.29.P74$bB59 2008
=100  1\$aSpregelburd, Rafael,$d1970-
=245  10$aBizarra :$buna saga argentina /$cRafael Spregelburd.
=250  \\$a1a ed.
=260  \\$aBuenos Aires :$bEditorial Entropía,$c2008.
=300  \\$a529 p. ;$c23 cm.
=336  \\$atext$2rdacontent
=337  \\$aunmediated$2rdamedia
=338  \\$avolume$2rdacarrier
=500  \\$a"Teatro"--cover.
=852  41$aBritish Library$bHMNTS$jYF.2012.a.15547
=856  41$uhttp://core.cambeiro.com.ar/0-147932-2.pdf
=CAT  \\$a6160$b40$c20090707$lBLL01$h1453
=CAT  \\$a5521$b40$c20120607$lBLL01$h1154
=FIN  \\$aY$d20120607
=FMT  \\$a  BK
=LAS  \\$a5521$b40$c20120607$lBLL01$h1154
=SID  \\$aZ39$bLOC

