=LDR  01611 am a22004457a 4500
=001  015349254
=003  Uk
=005  20120707084854.0
=008  090724s2009\\\\ag\\\\\\\b\\\\000\0\spa\d
=010  \\$a  2010385156
=020  \\$a9789871518173
=035  \\$a(AR-BaFGC)0-152887/3
=040  \\$aAR-BaFGC$cAR-BaFGC$dDLC$dUk
=042  \\$aukblderived
=043  \\$as-ag---
=050  00$aF2849$b.G74 2009
=100  1\$aGroppo, Alejandro.
=245  14$aLos dos príncipes :$bJuan D. Perón y Getulio Vargas : un estudio comparado del populismo latinoamericano /$cAlejandro Groppo ; prólogo, Ernesto Laclau.
=260  \\$a[Villa María, Argentina?] :$bEduvim,$c[2009]
=300  \\$a479 p. ;$c20 cm.
=336  \\$atext$2rdacontent
=337  \\$aunmediated$2rdamedia
=338  \\$avolume$2rdacarrier
=490  0\$aColección Poliedros
=504  \\$aIncludes bibliographical references (p. 459-479).
=600  10$aPerón, Juan Domingo,$d1895-1974.
=600  10$aVargas, Getúlio,$d1883-1954.
=650  \0$aPopulism$zArgentina$xHistory$y20th century.
=650  \0$aPopulism$zBrazil$xHistory$y20th century.
=651  \0$aArgentina$xPolitics and government$y1943-1955.
=651  \0$aBrazil$xPolitics and government$y1930-1945.
=852  41$aBritish Library$bHMNTS$jYF.2012.a.19009
=856  41$uhttp://core.cambeiro.com.ar/0-152887-3.pdf
=CAT  \\$a6160$b40$c20090814$lBLL01$h1131
=CAT  \\$a11002$b40$c20120707$lBLL01$h0848
=CAT  \\$aBATCH-UPD$b40$c20130815$lBLL01$h2316
=FIN  \\$aY$d20120707
=FMT  \\$a  BK
=LAS  \\$aBATCH-UPD$b40$c20130815$lBLL01$h2316
=SRC  \\$aBLL02

