=LDR  01385 am a22004214a 4500
=001  015398372
=003  Uk
=005  20091223093434.0
=008  091005s2009\\\\ag\\\\\\\b\\\\000\0\spa\d
=010  \\$a2009400437
=020  \\$a9789876290791 (pbk.)
=035  \\$a(AR-BaFGC)0-104313/25
=040  \\$aAR-BaFGC$cAR-BaFGC$dDLC$dUk
=042  \\$aukblderived
=043  \\$as-ag---
=050  00$aF2849.2+
=100  10$aVezzetti, Hugo.
=245  10$aSobre la violencia revolucionaria :$bmemorias y olvidos /$cHugo Vezzetti.
=260  \\$aBuenos Aires :$bSiglo Veintiuno Editores,$cc2009.
=300  \\$a280 p. ;$c21 cm.
=336  \\$atext$2rdacontent
=337  \\$aunmediated$2rdamedia
=338  \\$avolume$2rdacarrier
=490  0\$aSociología y política
=504  \\$aIncludes bibliographical references (p. [259]-280).
=650  \0$aGuerrillas$zArgentina.
=650  \0$aPolitical violence$zArgentina.
=650  \0$aCollective memory$zArgentina.
=651  \0$aArgentina$xHistory$yDirty War, 1976-1983.
=852  41$aBritish Library$bHMNTS$jYF.2010.a.1276
=856  41$uhttp://core.cambeiro.com.ar/0-104313-25.pdf
=CAT  \\$a8229$b40$c20091021$lBLL01$h0830
=CAT  \\$a8440$b40$c20091223$lBLL01$h0934
=CAT  \\$aBATCH-UPD$b40$c20170328$lBLL01$h1326
=FIN  \\$aY$d20091223
=FMT  \\$a  BK
=LAS  \\$aBATCH-UPD$b40$c20170328$lBLL01$h1326
=SID  \\$aZ39$bLOC

