=LDR  01679cam a22004454a 4500
=001  015398391
=003  Uk
=005  20091208135600.0
=008  090818s2009\\\\ag\a\\\\\b\\\\000\0\spa\d
=010  \\$a  2009400330
=020  \\$a9789871543113
=035  \\$a(AR-BaFGC)0-84631/26
=040  \\$aAR-BaFGC$cAR-BaFGC$dDLC$dUk
=042  \\$aukblcatcopy
=043  \\$acl-----
=050  00$aHD8110.5$b.C68 2009
=100  1\$aCovarrubias V., Alejandro.
=245  10$aOrientaciones laborales y orientaciones políticas en obreros de América Latina :$b¿crisis o configuración de identidades? : evidencia en obreros de Argentina, Brasil, México y Venezuela /$cAlejandro Covarrubias V.
=250  \\$a1. ed.
=260  \\$aBuenos Aires :$bCLACSO,$c2009.
=300  \\$a259 p. :$bill. ;$c23 cm.
=336  \\$atext$2rdacontent
=337  \\$aunmediated$2rdamedia
=338  \\$avolume$2rdacarrier
=490  0\$aColección Becas de investigación
=504  \\$aIncludes bibliographical references (p. 247-259).
=650  \0$aEmployees$zLatin America$xAttitudes.
=650  \0$aIndustrial relations$zLatin America$xPublic opinion.
=650  \0$aPublic opinion$zLatin America.
=650  \0$aEmployees$xPolitical activity$zLatin America.
=651  \0$aLatin America$xPolitics and government$xPublic opinion.
=852  41$aBritish Library$bHMNTS$jYF.2009.a.36663
=856  41$uhttp://core.cambeiro.com.ar/0-84631-26.pdf
=CAT  \\$a8229$b40$c20091021$lBLL01$h0846
=CAT  \\$a5703$b40$c20091208$lBLL01$h1356
=CAT  \\$aW2308-1659$c20230923$lBLL01$h1048
=FIN  \\$aY$d20091208
=FMT  \\$a  BK
=LAS  \\$aW2308-1659$b00$c20230923$lBLL01$h1048
=SRC  \\$aBLL02

