=LDR  01462cam a22004337a 4500
=001  015399456
=003  Uk
=005  20120707094928.0
=008  091020s2009\\\\ag\a\\\\\b\\\\000\0\spa\d
=010  \\$a  2009400443
=020  \\$a9789870801719
=035  \\$a(AR-BaFGC)0-155838/0
=040  \\$aAR-BaFGC$cAR-BaFGC$dDLC$dUk
=042  \\$aukblderived
=043  \\$as-ag---
=050  00$aPN5007.P6$bD53 2009
=100  1\$aDíaz, Claudio.
=245  10$aDiario de guerra :$bClarín, el gran engaño argentino /$cClaudio Díaz.
=260  \\$aBuenos Aires :$bGárgola,$cc2009.
=300  \\$a281 p. :$bill. ;$c23 cm.
=336  \\$atext$2rdacontent
=337  \\$aunmediated$2rdamedia
=338  \\$avolume$2rdacarrier
=504  \\$aIncludes bibliographical references.
=630  00$aClarín (Buenos Aires, Argentina)
=650  \0$aJournalism$zArgentina$xHistory$y20th century.
=650  \0$aPress and politics$zArgentina.
=651  \0$aArgentina$xPolitics and government$y2002-
=852  41$aBritish Library$bHMNTS$jYF.2012.a.19023
=856  41$uhttp://core.cambeiro.com.ar/0-155838-0.pdf
=CAT  \\$a11375$b40$c20091022$lBLL01$h1338
=CAT  \\$aBATCH-UPD$b40$c20091022$lBLL01$h1339
=CAT  \\$a11002$b40$c20120707$lBLL01$h0949
=CAT  \\$aBATCH-UPD$b40$c20180110$lBLL01$h1932
=CAT  \\$aBATCH-UPD$b40$c20230716$lBLL01$h2247
=FIN  \\$aY$d20120707
=FMT  \\$a  BK
=LAS  \\$aBATCH-UPD$b40$c20230716$lBLL01$h2247
=SRC  \\$aBLL02

