=LDR  01573cam a22004454a 4500
=001  015399462
=003  Uk
=005  20091223093121.0
=008  090720s2009\\\\ag\a\\\\\b\\\\001\0\spa\d
=010  \\$a  2009400258
=020  \\$a9789500431750 (pbk.)
=035  \\$a(AR-BaFGC)0-154844/0
=040  \\$aAR-BaFGC$cAR-BaFGC$dDLC$dUk
=042  \\$aukblderived
=043  \\$as-ag---$an-us---
=050  00$aE183.8.A7$bR365 2009
=100  1\$aRapoport, Mario.
=245  10$aRelaciones tumultuosas :$bEstados Unidos y el primer peronismo /$cMario Rapoport y Claudio Spiguel.
=250  \\$a1a ed.
=260  \\$aBuenos Aires :$bEmecé,$cc2009.
=300  \\$a522 p. :$bill. ;$c25 cm.
=336  \\$atext$2rdacontent
=337  \\$aunmediated$2rdamedia
=338  \\$avolume$2rdacarrier
=504  \\$aIncludes bibliographical references (p.[495]-516) and index.
=651  \0$aUnited States$xForeign relations$zArgentina.
=651  \0$aArgentina$xForeign relations$zUnited States.
=651  \0$aUnited States$xForeign economic relations$zArgentina.
=651  \0$aArgentina$xForeign economic relations$zUnited States.
=651  \0$aArgentina$xForeign relations$y1943-1955.
=700  1\$aSpiguel, Claudio.
=852  41$aBritish Library$bHMNTS$jYF.2010.a.2179
=856  41$uhttp://core.cambeiro.com.ar/0-154844-0.pdf
=CAT  \\$a11375$b40$c20091022$lBLL01$h1341
=CAT  \\$a8440$b40$c20091223$lBLL01$h0931
=CAT  \\$aW2308-1659$c20230923$lBLL01$h1048
=FIN  \\$aY$d20091223
=FMT  \\$a  BK
=LAS  \\$aW2308-1659$b00$c20230923$lBLL01$h1048
=SRC  \\$aBLL02

