=LDR  01546cam a22004334a 4500
=001  015399503
=003  Uk
=005  20091223111656.0
=008  090814s2009\\\\ag\\\\\\\b\\\\000\0\spa\d
=010  \\$a2009400309
=020  \\$a9789500431866 (pbk.)
=035  \\$a(AR-BaFGC)0-155201/0
=040  \\$aAR-BaFGC$cAR-BaFGC$dDLC$dUk
=042  \\$aukblderived
=043  \\$as-ag---
=050  00$aF3001.2+
=245  00$aCartas de una hermandad :$bLeopoldo Lugones, Horacio Quiroga, Ezequiel Martínez Estrada, Luis Franco, Samuel Glusberg /$cHoracio Tarcus (ed.).
=250  \\$a1a ed.
=260  \\$aBuenos Aires :$bEmecé,$cc2009.
=300  \\$a326 p. ;$c23 cm.
=336  \\$atext$2rdacontent
=337  \\$aunmediated$2rdamedia
=338  \\$avolume$2rdacarrier
=504  \\$aIncludes bibliographical references.
=600  10$aQuiroga, Horacio,$d1878-1937$vCorrespondence.
=600  10$aMartínez Estrada, Ezequiel,$d1895-1964$vCorrespondence.
=600  10$aLugones, Leopoldo,$d1874-1938$vCorrespondence.
=651  \0$aBuenos Aires (Argentina)$zIntellectual life$y20th century.
=700  1\$aTarcus, Horacio,$d1955-
=852  41$aBritish Library$bHMNTS$jYF.2010.a.379
=856  41$uhttp://core.cambeiro.com.ar/0-155201-0.pdf
=CAT  \\$a11375$b40$c20091022$lBLL01$h1407
=CAT  \\$a8440$b40$c20091223$lBLL01$h1116
=CAT  \\$aBATCH-UPD$b40$c20150524$lBLL01$h0659
=CAT  \\$aW2308-1659$c20230923$lBLL01$h1048
=FIN  \\$aY$d20091223
=FMT  \\$a  BK
=LAS  \\$aW2308-1659$b00$c20230923$lBLL01$h1048
=SID  \\$aZ39$bLOC

