=LDR  01589cam a22004214a 4500
=001  015400836
=003  Uk
=005  20091223085426.0
=008  090724s2009\\\\ag\\\\\\\b\\\\000\0\spa\d
=010  \\$a2009400263
=020  \\$a9789876030564 (pbk.)
=035  \\$a(AR-BaFGC)0-114838/10
=040  \\$aAR-BaFGC$cAR-BaFGC$dDLC$dUk
=042  \\$aukblderived
=043  \\$as-ag---$aa-sy---
=050  00$aF3021.J5$bB72 2009
=100  1\$aBrauner, Susana.
=245  10$aOrtodoxia religiosa y pragmatismo político :$blos judíos de origen sirio /$cSusana Brauner.
=260  \\$a[Tel Aviv] :$bUniversidad de Tel Aviv, Instituto de la Historia y Cultura de America Latina ;$aBuenos Aires :$bLumiere,$cc2009.
=300  \\$a222 p. ;$c23 cm.
=336  \\$atext$2rdacontent
=337  \\$aunmediated$2rdamedia
=338  \\$avolume$2rdacarrier
=490  0\$aColección Nuevas miradas a la Argentina en el siglo XX
=504  \\$aIncludes bibliographic references (p. [199]-222).
=650  \0$aJews, Syrian$zArgentina$xPolitical activity$xHistory$y20th century.
=650  \0$aJews, Syrian$xReligious life$zArgentina.
=650  \0$aImmigrants$zArgentina$xPolitical activity$xHistory$y20th century.
=852  41$aBritish Library$bHMNTS$jYF.2010.a.328
=856  41$uhttp://core.cambeiro.com.ar/0-114838-10.pdf
=985  \\$eGC-FY09
=CAT  \\$a11375$b40$c20091026$lBLL01$h0916
=CAT  \\$a8440$b40$c20091223$lBLL01$h0854
=CAT  \\$aW2308-1659$c20230923$lBLL01$h1048
=FIN  \\$aY$d20091223
=FMT  \\$a  BK
=LAS  \\$aW2308-1659$b00$c20230923$lBLL01$h1048
=SID  \\$aZ39$bLOC

