=LDR  01558cam a22004454a 4500
=001  015400852
=003  Uk
=005  20091223092610.0
=008  090728s2009\\\\ag\\\\\\\b\\\\000\0\spa\d
=010  \\$a2009400279
=020  \\$a9789876290685 (pbk.)
=035  \\$a(AR-BaFGC)0-108756/31
=040  \\$aAR-BaFGC$cAR-BaFGC$dDLC$dUk
=042  \\$aukblderived
=043  \\$as-ag---
=050  00$aHD1862$b.H67 2009
=100  1\$aHora, Roy.
=245  14$aLos estancieros contra el Estado :$bla Liga Agraria y la formación del ruralismo político en la Argentina /$cRoy Hora.
=260  \\$aBuenos Aires :$bSiglo Veintiuno Editores,$cc2009.
=300  \\$a215 p. ;$c21 cm.
=336  \\$atext$2rdacontent
=337  \\$aunmediated$2rdamedia
=338  \\$avolume$2rdacarrier
=490  0\$aHistoria y cultura
=504  \\$aIncludes bibliographical references (p. [211]-215).
=610  20$aLiga Agraria (Argentina)$xHistory.
=650  \0$aAgriculture and politics$zArgentina$xHistory.
=650  \0$aLandowners$xPolitical activity$zArgentina$xHistory.
=650  \0$aElite (Social sciences)$zArgentina$xHistory.
=651  \0$aArgentina$xPolitics and government.
=852  41$aBritish Library$bHMNTS$jYF.2010.a.1797
=856  41$uhttp://core.cambeiro.com.ar/0-108756-31.pdf
=985  \\$eGC-FY09
=CAT  \\$a11375$b40$c20091026$lBLL01$h0941
=CAT  \\$a8440$b40$c20091223$lBLL01$h0926
=CAT  \\$aW2308-1659$c20230923$lBLL01$h1048
=FIN  \\$aY$d20091223
=FMT  \\$a  BK
=LAS  \\$aW2308-1659$b00$c20230923$lBLL01$h1048
=SID  \\$aZ39$bLOC

