=LDR  01716 am a2200445 a 4500
=001  015400855
=003  Uk
=005  20130110104055.0
=008  100706s2008\\\\ag\a\\\\\b\\\\000\0\spa\d
=010  \\$a2010423505
=020  \\$a9789872357825 (pbk.)
=035  \\$a(AR-BaFGC)0-154495/2
=040  \\$aAR-BaFGC$beng$cAR-BaFGC$dDLC$dUk
=042  \\$aukblsr
=043  \\$as-ag---
=050  00$aHV6322.3.A7$bP38 2008
=245  00$aPatrimonio :$bcentros clandestinos de detención, tortura y exterminio y sitios de memoria /$c[prólogo, Ana María Careaga ; contenidos, Silvia Nélida Bossio ; colaboración, María Rosa Martínez, Cecilia Piñeiro].
=250  \\$a1a ed.
=260  \\$aBuenos Aires :$bInstituto Espacio para la Memoria,$c[2008]
=300  \\$a127 p. :$bill. (some col.) ;$c23 cm.
=336  \\$atext$2rdacontent
=337  \\$aunmediated$2rdamedia
=338  \\$avolume$2rdacarrier
=490  0\$aCuadernos de la memoria ;$v4
=504  \\$aIncludes bibliographical references (p. 125).
=650  \0$aCultural property$xConservation and restoration$zArgentina$zBuenos Aires.
=650  \0$aCollective memory$zArgentina.
=651  \0$aArgentina$xHistory$yDirty War, 1976-1983$xPrisoners and prisons.
=700  1\$aNélida Bossio, Silvia.
=700  1\$aMartínez, María Rosa.
=700  1\$aPiñeiro, Cecilia.
=710  2\$aInstituto Espacio para la Memoria (Argentina)
=852  41$aBritish Library$bHMNTS$jYF.2013.a.900
=856  41$uhttp://core.cambeiro.com.ar/0-154495-2.pdf
=CAT  \\$a11375$b40$c20091026$lBLL01$h0951
=CAT  \\$a5521$b40$c20130110$lBLL01$h1040
=FIN  \\$aY$d20130110
=FMT  \\$a  BK
=LAS  \\$a5521$b40$c20130110$lBLL01$h1040
=SID  \\$aZ39$bLOC

