=LDR  01409cam a22003974a 4500
=001  015400876
=003  Uk
=005  20091223110000.0
=008  090619s2009\\\\ag\a\\\\\b\\\\001\0dspa\d
=010  \\$a  2009400219
=020  \\$a9789500730563 (pbk.)
=035  \\$a(AR-BaFGC)0-101003/48
=040  \\$aAR-BaFGC$cAR-BaFGC$dDLC$dUk
=042  \\$aukblderived
=043  \\$ae------$as------
=050  00$aF2235.4$b.T467 2009
=100  10$aTerragno, Rodolfo H.
=245  10$aDiario íntimo de San Martín :$bLondres, 1824, una misión secreta /$cRodolfo Terragno.
=260  \\$aBuenos Aires :$bEditorial Sudamericana,$cc2009.
=300  \\$a452 p. :$bill. ;$c23 cm.
=336  \\$atext$2rdacontent
=337  \\$aunmediated$2rdamedia
=338  \\$avolume$2rdacarrier
=504  \\$aIncludes bibliographical references (p. 411-434) and index.
=600  10$aSan Martín, José de,$d1778-1850$xExile$zGreat Britain.
=651  \0$aSouth America$xHistory$yWars of Independence, 1806-1830.
=852  41$aBritish Library$bHMNTS$jYF.2010.a.1288
=856  41$uhttp://core.cambeiro.com.ar/0-101003-48.pdf
=CAT  \\$a11375$b40$c20091026$lBLL01$h1045
=CAT  \\$a8440$b40$c20091223$lBLL01$h1100
=CAT  \\$aBATCH-UPD$b40$c20200807$lBLL01$h2058
=CAT  \\$aW2308-1659$c20230923$lBLL01$h1048
=FIN  \\$aY$d20091223
=FMT  \\$a  BK
=LAS  \\$aW2308-1659$b00$c20230923$lBLL01$h1048
=SRC  \\$aBLL02

