=LDR  01607cam a22004454a 4500
=001  015400895
=003  Uk
=005  20091208114939.0
=008  090729s2009\\\\ag\a\\\\\b\\\\000\0\spa\d
=010  \\$a2009400285
=020  \\$a9789871172429
=035  \\$a(AR-BaFGC)0-142129/6
=040  \\$aAR-BaFGC$cAR-BaFGC$dDLC$dUk
=042  \\$aukblcatcopy
=043  \\$as-ag---
=050  00$aJL2098.P+ (Peronista Femenino)
=100  1\$aBarry, Carolina.
=245  10$aEvita capitana :$bel Partido Peronista Femenino, 1949-1955 /$cCarolina Barry.
=250  \\$a1. ed.
=260  \\$a[Caseros, Argentina] :$bEDUNTREF, Editorial de la Universidad Nacional de Tres de Febrero,$c2009.
=300  \\$a359 p. :$bill. ;$c23 cm.
=336  \\$atext$2rdacontent
=337  \\$aunmediated$2rdamedia
=338  \\$avolume$2rdacarrier
=490  0\$aColección Estudios de historia del peronismo
=504  \\$aIncludes bibliographical references (p. 354-359).
=600  10$aPerón, Eva,$d1919-1952.
=610  20$aPartido Peronista Femenino (Argentina)$xHistory.
=650  \0$aWomen$xPolitical activity$zArgentina$xHistory$y20th century.
=650  \0$aPeronism$xHistory$y20th century.
=651  \0$aArgentina$xPolitics and government$y1943-1955.
=852  41$aBritish Library$bHMNTS$jYF.2009.a.36667
=856  41$uhttp://core.cambeiro.com.ar/0-142129-6.pdf
=CAT  \\$a11375$b40$c20091026$lBLL01$h1102
=CAT  \\$a5703$b40$c20091208$lBLL01$h1149
=CAT  \\$aW2308-1659$c20230923$lBLL01$h1048
=FIN  \\$aY$d20091208
=FMT  \\$a  BK
=LAS  \\$aW2308-1659$b00$c20230923$lBLL01$h1048
=SID  \\$aZ39$bLOC

