=LDR  01464 am a2200421 a 4500
=001  015400978
=003  Uk
=005  20121015142302.0
=008  120201s2009\\\\ag\\\\\\\b\\\\000\0\spa\d
=010  \\$a  2011439065
=020  \\$a9789872419356 (pbk.)
=035  \\$a(AR-BaFGC)0-153820/4
=040  \\$aAR-BaFGC$cAR-BaFGC$dDLC$dUk
=042  \\$aukblsr
=043  \\$as-ag---
=050  00$aHC175$b.G318 2009
=100  1\$aGalasso, Norberto.
=245  10$aGatos y sardinas en la economía argentina :$bradiografía de los economistas del sistema /$cNorberto Galasso ; [prólogo, Horacio Arreceygor].
=250  \\$a1era. ed.
=260  \\$aMerlo [Provincia de Buenos Aires, Argentina] :$bEdiciones Instituto Superior Dr. Arturo Jauretche,$c2009.
=300  \\$a136 p. ;$c20 cm.
=336  \\$atext$2rdacontent
=337  \\$aunmediated$2rdamedia
=338  \\$avolume$2rdacarrier
=490  1\$aColección Pulqui
=504  \\$aIncludes bibliographical references.
=651  \0$aArgentina$xEconomic policy.
=651  \0$aArgentina$xEconomic conditions$y1983-
=830  \0$aColección Pulqui.
=852  41$aBritish Library$bHMNTS$jYF.2012.a.29231
=856  41$uhttp://core.cambeiro.com.ar/0-153820-4.pdf
=CAT  \\$a11375$b40$c20091026$lBLL01$h1141
=CAT  \\$a11342$b40$c20121015$lBLL01$h1422
=CAT  \\$a11342$b40$c20121015$lBLL01$h1423
=FIN  \\$aY$d20121015
=FMT  \\$a  BK
=LAS  \\$a11342$b40$c20121015$lBLL01$h1423
=SID  \\$aZ39$bLOC

