=LDR  01261cam a22003734a 4500
=001  015416974
=003  Uk
=005  20120707060732.0
=008  090708s2009\\\\ag\\\\\\\b\\\\000\pdspa\d
=010  \\$a  2009400255
=020  \\$a9789871421244
=035  \\$a(AR-BaFGC)0-154640/0
=040  \\$aAR-BaFGC$cAR-BaFGC$dDLC$dUk
=042  \\$aukblderived
=050  00$aPQ7798.29.A62$bA13 2009
=100  1\$aSantoro, Roberto Jorge.
=240  10$aPoems
=245  10$aObra poética completa :$b1959-1977 /$cRoberto Jorge Santoro ; prólogo, notas, corrección y supervisión general Rosana López Rodriguez.
=260  \\$aBuenos Aires :$bEdiciones ryr,$cc2009.
=300  \\$a663 p. ;$c20 cm.
=336  \\$atext$2rdacontent
=337  \\$aunmediated$2rdamedia
=338  \\$avolume$2rdacarrier
=504  \\$aIncludes bibliographical references (p. 653).
=700  1\$aLópez Rodriguez, Rosana.
=852  41$aBritish Library$bHMNTS$jYF.2012.a.19004
=856  41$uhttp://core.cambeiro.com.ar/0-154640-0.pdf
=CAT  \\$a8229$b40$c20091111$lBLL01$h1452
=CAT  \\$a11002$b40$c20120707$lBLL01$h0607
=CAT  \\$aW2308-1659$c20230923$lBLL01$h1049
=FIN  \\$aY$d20120707
=FMT  \\$a  BK
=LAS  \\$aW2308-1659$b00$c20230923$lBLL01$h1049
=SRC  \\$aBLL02

