=LDR  01939 am a2200481 a 4500
=001  015417068
=003  Uk
=005  20131107155957.0
=008  100430s2009\\\\ag\ab\\\\b\\\\000\0\spa\d
=010  \\$a  2010423193
=020  \\$a9789503307380 (pbk.)
=035  \\$a(AR-BaFGC)0-156593/0
=040  \\$aAR-BaFGC$cAR-BaFGC$dDLC$dUk
=042  \\$aukblsr
=043  \\$as-ag---
=050  00$aF2821.1.S54$bL34 2009
=100  1\$aLaguens, Andrés G.
=245  10$aSociedades indígenas de las Sierras Centrales :$barqueología de Córdoba y San Luis /$cAndrés Laguens, Mirta Bonnin.
=260  \\$a[Córdoba Argentina] :$bEditorial Universidad Nacional de Córdoba,$c[2009]
=300  \\$a446 p. :$bill., maps ;$c21 cm.
=336  \\$atext$2rdacontent
=337  \\$aunmediated$2rdamedia
=338  \\$avolume$2rdacarrier
=504  \\$aIncludes bibliographical references (p. 415-446).
=650  \0$aIndians of South America$zArgentina$zSierra de Córdoba$xAntiquities.
=650  \0$aIndians of South America$zArgentina$zSan Luis Mountains$xAntiquities.
=650  \0$aIndians of South America$zArgentina$zSierra de Córdoba$xHistory.
=650  \0$aIndians of South America$zArgentina$zSan Luis Mountains$xHistory.
=650  \0$aExcavations (Archaeology)$zArgentina$zSierra de Córdoba.
=650  \0$aExcavations (Archaeology)$zArgentina$zSan Luis Mountains.
=651  \0$aSierra de Córdoba (Argentina)$xAntiquities.
=651  \0$aSan Luis Mountains (Argentina)$xAntiquities.
=700  1\$aBonnin, Mirta.
=852  41$aBritish Library$bHMNTS$jYF.2012.a.32743
=856  41$uhttp://core.cambeiro.com.ar/0-156593-0.pdf
=CAT  \\$a8229$b40$c20091111$lBLL01$h1600
=CAT  \\$a11342$b40$c20121122$lBLL01$h1617
=CAT  \\$aBATCH-UPD$b40$c20121125$lBLL01$h2114
=CAT  \\$a6550$b40$c20131107$lBLL01$h1559
=FIN  \\$aY$d20121122
=FMT  \\$a  BK
=LAS  \\$a6550$b40$c20131107$lBLL01$h1559
=SRC  \\$aBLL02

