=LDR  01513 am a22004334a 4500
=001  015417199
=003  Uk
=005  20091223105401.0
=008  091028s2009\\\\ag\\\\\\\b\\\\000\0\spa\d
=010  \\$a2009400474
=020  \\$a9789876030601 (pbk.)
=035  \\$a(AR-BaFGC)0-114838/11
=040  \\$aAR-BaFGC$cAR-BaFGC$dDLC$dUk
=042  \\$aukblderived
=043  \\$as-ag---
=050  00$aPQ7655+
=100  1\$aSenkman, Leonardo.
=245  10$aFascismo y nazismo en las letras argentinas /$cLeonardo Senkman, Saúl Sosnowski.
=260  \\$aCiudad Autónoma de Buenos Aires :$bLumiere,$cc2009.
=300  \\$a183 p. ;$c23 cm.
=336  \\$atext$2rdacontent
=337  \\$aunmediated$2rdamedia
=338  \\$avolume$2rdacarrier
=490  0\$aColección Nuevas miradas a la Argentina del siglo XX
=504  \\$aIncludes bibliographical references (p. [173]-183).
=650  \0$aArgentine literature$y20th century$xHistory and criticism.
=650  \0$aFascism in literature$zArgentina.
=650  \0$aNational socialism in literature$zArgentina.
=700  1\$aSosnowski, Saúl.
=852  41$aBritish Library$bHMNTS$jYF.2010.a.1806
=856  41$uhttp://core.cambeiro.com.ar/0-114838-11.pdf
=CAT  \\$a5918$b40$c20091112$lBLL01$h0942
=CAT  \\$a8440$b40$c20091223$lBLL01$h1054
=CAT  \\$aBATCH-UPD$b40$c20160309$lBLL01$h2031
=CAT  \\$aBATCH-UPD$b40$c20210514$lBLL01$h2027
=FIN  \\$aY$d20091223
=FMT  \\$a  BK
=LAS  \\$aBATCH-UPD$b40$c20210514$lBLL01$h2027
=SID  \\$aZ39$bLOC

