=LDR  01248cam a22003854a 4500
=001  015425680
=003  Uk
=005  20091124072241.0
=008  090825s2009\\\\ag\\\\\\\b\\\\000\0\spa\d
=010  \\$a2009400324
=020  \\$a9789505577781
=035  \\$a(AR-BaFGC)0-763/21
=040  \\$aAR-BaFGC$cAR-BaFGC$dDLC$dUk
=042  \\$aukblderived
=043  \\$as-ag---
=050  00$aPQ7654$b.P (Premat) 2009
=100  1\$aPremat, Julio.
=245  10$aHéroes sin atributos :$bfiguras de autor en la literatura argentina /$cJulio Premat.
=250  \\$a1. ed.
=260  \\$aBuenos Aires :$bFondo de Cultura Económica,$c2009.
=300  \\$a276 p. ;$c21 cm.
=336  \\$atext$2rdacontent
=337  \\$aunmediated$2rdamedia
=338  \\$avolume$2rdacarrier
=490  0\$aTierra Firme
=504  \\$aIncludes bibliographical references (p. 253-276).
=650  \0$aArgentine literature$y20th century$xHistory and criticism.
=852  41$aBritish Library$bHMNTS$jYF.2009.a.34897
=856  41$uhttp://core.cambeiro.com.ar/0-763-21.pdf
=CAT  \\$a10904$b40$c20091124$lBLL01$h0722
=CAT  \\$aW2308-1659$c20230923$lBLL01$h1050
=FIN  \\$aY$d20091124
=FMT  \\$a  BK
=LAS  \\$aW2308-1659$b00$c20230923$lBLL01$h1050
=SID  \\$aZ39$bLOC

