=LDR  01469cam a22004334a 4500
=001  015425794
=003  Uk
=005  20100120095358.0
=008  090811s2009\\\\ag\b\\\\\b\\\\000\0\spa\d
=010  \\$a  2009400291
=020  \\$a9789505577880 (pbk.)
=035  \\$a(AR-BaFGC)0-61342/53
=040  \\$aAR-BaFGC$cAR-BaFGC$dDLC$dUk
=042  \\$aukblderived
=043  \\$as-py---
=050  00$aF2684$b.Q38 2009
=100  1\$aQuarleri, Lía,$d1970-
=245  10$aRebelión y guerra en las fronteras del Plata :$bguaraníes, jesuitas, e imperios coloniales /$cLía Quarleri.
=250  \\$a1. ed.
=260  \\$aBuenos Aires :$bFondo de Cultura Económica,$cc2009.
=300  \\$a381 p. :$bmaps ;$c21 cm.
=336  \\$atext$2rdacontent
=337  \\$aunmediated$2rdamedia
=338  \\$avolume$2rdacarrier
=490  0\$aSección de obras de historia
=504  \\$aIncludes bibliographical references (p. 352-381).
=650  \0$aSeven Reductions, War of the, 1754-1756.
=650  \0$aGuarani Indians$xWars.
=650  \0$aJesuits$zParaguay$xMissions.
=650  \0$aGuarani Indians$xMissions.
=852  41$aBritish Library$bHMNTS$jYF.2010.a.3128
=856  41$uhttp://core.cambeiro.com.ar/0-61342-53.pdf
=CAT  \\$a11375$b40$c20091124$lBLL01$h0926
=CAT  \\$a8440$b40$c20100120$lBLL01$h0953
=CAT  \\$aW2308-1659$c20230923$lBLL01$h1050
=FIN  \\$aY$d20100120
=FMT  \\$a  BK
=LAS  \\$aW2308-1659$b00$c20230923$lBLL01$h1050
=SRC  \\$aBLL02

