=LDR  01449cam a22004094a 4500
=001  015425879
=003  Uk
=005  20100301085742.0
=008  090818s2009\\\\ag\\\\\\\b\\\\000\0\spa\d
=010  \\$a2009400299
=020  \\$a9789876180498
=035  \\$a(AR-BaFGC)0-154721/0
=040  \\$aAR-BaFGC$cAR-BaFGC$dDLC$dUk
=042  \\$aukblderived
=043  \\$as-ag---
=050  00$aPQ7701$bE+ (Espósito) 2009
=100  1\$aEspósito, Fabio,$d1967-
=245  13$aLa emergencia de la novela en Argentina :$bla prensa, los lectores y la ciudad, 1880-1890 /$cFabio Espósito.
=250  \\$a1. ed.
=260  \\$aLa Plata, Buenos Aires, Argentina :$bEdiciones Al Margen,$c2009.
=300  \\$a215 p. ;$c21 cm.
=336  \\$atext$2rdacontent
=337  \\$aunmediated$2rdamedia
=338  \\$avolume$2rdacarrier
=504  \\$aIncludes bibliographical references (p. 207-214).
=650  \0$aArgentine fiction$y19th century$xHistory and criticism.
=650  \0$aJournalism and literature$zArgentina$xHistory$y19th century.
=852  41$aBritish Library$bHMNTS$jYF.2010.a.8522
=856  41$uhttp://core.cambeiro.com.ar/0-154721-0.pdf
=CAT  \\$a11375$b40$c20091124$lBLL01$h1039
=CAT  \\$aBATCH-UPD$b40$c20091124$lBLL01$h1040
=CAT  \\$a10904$b40$c20100301$lBLL01$h0857
=CAT  \\$aW2308-1659$c20230923$lBLL01$h1050
=FIN  \\$aY$d20100301
=FMT  \\$a  BK
=LAS  \\$aW2308-1659$b00$c20230923$lBLL01$h1050
=SID  \\$aZ39$bLOC

