=LDR  01412cam a22004094a 4500
=001  015425889
=003  Uk
=005  20100120090832.0
=008  090814s2009\\\\ag\\\\\\\b\\\\000\0\spa\d
=010  \\$a2009400318
=020  \\$a9789876570459 (pbk.)
=035  \\$a(AR-BaFGC)0-130581/23
=040  \\$aAR-BaFGC$cAR-BaFGC$dDLC$dUk
=042  \\$aukblderived
=043  \\$as-ag---
=050  00$aPQ7797.U83$bP-PZ40 .xZ5-.xZ999 2009
=245  00$aCantar junto al endurecido silencio :$bescritos sobre Francisco Urondo /$cAnalía Gerbaudo y Adriana Falchini, editoras.
=260  \\$aSanta Fe, Argentina :$bUniversidad Nacional del Litoral,$cc2009.
=300  \\$a339 p. ;$c22 cm.
=336  \\$atext$2rdacontent
=337  \\$aunmediated$2rdamedia
=338  \\$avolume$2rdacarrier
=490  0\$aItinerarios
=504  \\$aIncludes bibliographical references.
=600  10$aUrondo, Francisco$xCriticism and interpretation.
=700  1\$aGerbaudo, Analía.
=700  1\$aFalchini, Adriana.
=852  41$aBritish Library$bHMNTS$jYF.2010.a.5328
=856  41$uhttp://core.cambeiro.com.ar/0-130581-23.pdf
=CAT  \\$a11375$b40$c20091124$lBLL01$h1048
=CAT  \\$aBATCH-UPD$b40$c20091124$lBLL01$h1048
=CAT  \\$a8440$b40$c20100120$lBLL01$h0908
=CAT  \\$aW2308-1659$c20230923$lBLL01$h1050
=FIN  \\$aY$d20100120
=FMT  \\$a  BK
=LAS  \\$aW2308-1659$b00$c20230923$lBLL01$h1050
=SID  \\$aZ39$bLOC

