=LDR  01759 am a2200469 i 4500
=001  015532422
=003  Uk
=005  20130502171234.0
=008  100405s2009\\\\ag\\\\\\\b\\\\000\0\spa\d
=020  \\$a9789875743434 (paperback)
=035  \\$a(AR-BaFGC)0-156611/0
=040  \\$aUk$beng$cUk$erda
=042  \\$aukblsr
=043  \\$as-ag---
=050  00$aF3021.P3$bH35 2009
=100  1\$aHalpern, Gerardo,$eauthor.
=245  10$aEtnicidad, inmigración y política :$brepresentaciones y cultura política de exiliados paraguayos en Argentina /$cGerardo Halpern ; presentación de Alejandro Grimson.
=264  \1$aBuenos Aires :$bPrometeo Libros,$c[2009]
=300  \\$avi, 427 pages ;$c22 cm.
=336  \\$atext$2rdacontent
=337  \\$aunmediated$2rdamedia
=338  \\$avolume$2rdacarrier
=490  0\$aColección Miradas antropológicas
=504  \\$aIncludes bibliographical references.
=650  \0$aParaguayans$zArgentina.
=650  \0$aImmigrants$zArgentina.
=650  \0$aPolitical refugees$zParaguay.
=650  \0$aPolitical refugees$zArgentina.
=651  \0$aArgentina$xEmigration and immigration$xGovernment policy.
=651  \0$aArgentina$xEmigration and immigration$xHistory$y20th century.
=651  \0$aParaguay$xEmigration and immigration$xHistory$y20th century.
=700  1\$aGrimson, Alejandro,$econtributor.
=852  41$aBritish Library$bHMNTS$jYF.2013.a.8459
=856  41$uhttp://core.cambeiro.com.ar/0-156611-0.pdf
=CAT  \\$a8197$b40$c20100416$lBLL01$h1345
=CAT  \\$a6066$b40$c20130409$lBLL01$h1436
=CAT  \\$a6066$b40$c20130425$lBLL01$h1722
=CAT  \\$a6066$b40$c20130502$lBLL01$h1712
=FIN  \\$aY$d20130425
=FMT  \\$a  BK
=LAS  \\$a6066$b40$c20130502$lBLL01$h1712
=SID  \\$aZ39$bLOC

