=LDR  01664cam a22004814a 4500
=001  015569331
=003  Uk
=005  20100901083811.0
=008  100329s2009\\\\ag\a\\\\\b\\\\000\0dspa\d
=010  \\$a2010423050
=020  \\$a9789505800025 (hbk.)
=020  \\$a9505800029 (hbk.)
=020  \\$a9789505800018 (pbk.)
=020  \\$a9505800010 (pbk.)
=035  \\$a(AR-BaFGC)0-156600/0
=040  \\$aAR-BaFGC$cAR-BaFGC$dDLC$dUk
=041  0\$aspa$afre$aeng
=042  \\$aukblderived
=043  \\$as-ag---
=050  00$aPQ7797.O295$bZ487 2009
=100  1\$aOcampo, Victoria,$d1890-1979.
=245  10$aCartas de posguerra :$bNueva York, Londres, París, marzo-diciembre 1946 /$cVictoria Ocampo ; traducción y notas de Eduardo Paz Leston.
=250  \\$a1a ed.
=260  \\$aBuenos Aires :$bEditorial Sur,$cc2009.
=300  \\$a497 p. :$bill. ;$c21 cm.
=336  \\$atext$2rdacontent
=337  \\$aunmediated$2rdamedia
=338  \\$avolume$2rdacarrier
=504  \\$aIncludes bibliographical references.
=600  10$aOcampo, Victoria,$d1890-1979$vCorrespondence.
=600  10$aOcampo, Angélica,$d1891-1980$vCorrespondence.
=600  10$aOcampo, Francisca,$vCorrespondence.
=650  \0$aAuthors, Argentine$y20th century$vCorrespondence.
=700  1\$aPaz Leston, Eduardo.
=852  41$aBritish Library$bHMNTS$jYF.2010.a.23503
=856  41$uhttp://core.cambeiro.com.ar/0-156600-0.pdf
=CAT  \\$a5918$b40$c20100604$lBLL01$h1154
=CAT  \\$a8440$b40$c20100901$lBLL01$h0838
=CAT  \\$aW2308-1659$c20230923$lBLL01$h1056
=FIN  \\$aY$d20100901
=FMT  \\$a  BK
=LAS  \\$aW2308-1659$b00$c20230923$lBLL01$h1056
=SID  \\$aZ39$bLOC

