=LDR  01607cam a22004214a 4500
=001  015569446
=003  Uk
=005  20100811162459.0
=008  090624s2008\\\\ag\af\\\\b\\\f000\0dspa\d
=010  \\$a  2009400229
=020  \\$a9789871288090 (pbk.)
=035  \\$a(AR-BaFGC)0-84952/4
=040  \\$aAR-BaFGC$cAR-BaFGC$dDLC$dUk
=042  \\$aukblderived
=043  \\$as-py---
=050  00$aF2687.O57$bG84 2008
=100  1\$aOlmedo, Agustín Ángel,$d1842-1881.
=245  10$aGuerra del Paraguay :$bcuadernos de campaña, 1867-1869 /$cAgustín Ángel Olmedo.
=260  \\$aBuenos Aires :$bAcademia Nacional de la Historia :$bUnion Académique Internationale,$cc2008.
=300  \\$a550 p., [16] p. of plates :$bill. ;$c22 cm.
=336  \\$atext$2rdacontent
=337  \\$aunmediated$2rdamedia
=338  \\$avolume$2rdacarrier
=490  0\$aFuentes narrativas para la historia del Río de la Plata y de Chile
=504  \\$aIncludes bibliographical references.
=600  10$aOlmedo, Agustín Ángel,$d1842-1881$vDiaries.
=650  \0$aParaguayan War, 1865-1870$vPersonal narratives, Argentine.
=650  \0$aParaguayan War, 1865-1870$xCampaigns$vSources.
=651  \0$aArgentina$xHistory, Military$y19th century$vSources.
=852  41$aBritish Library$bHMNTS$jYF.2010.a.21562
=856  41$uhttp://core.cambeiro.com.ar/0-84952-4.pdf
=CAT  \\$a5918$b40$c20100604$lBLL01$h1351
=CAT  \\$a12630$b40$c20100811$lBLL01$h1625
=CAT  \\$aW2308-1659$c20230923$lBLL01$h1056
=FIN  \\$aY$d20100811
=FMT  \\$a  BK
=LAS  \\$aW2308-1659$b00$c20230923$lBLL01$h1056
=SRC  \\$aBLL02

