=LDR  01578cam a22004574a 4500
=001  015569517
=003  Uk
=005  20100901091043.0
=008  100427s2009\\\\ag\\\\\\\b\\\\000\0\spa\d
=010  \\$a2010423152
=020  \\$a9789507867637
=035  \\$a(DLC)16261440
=035  \\$a(DLC)2010423152
=035  \\$a(AR-BaFGC)0-157026/0
=040  \\$aAR-BaFGC$cAR-BaFGC$dDLC$dUk
=042  \\$aukblderived
=050  00$aPQ7797.B635$bZ9128 2009
=100  1\$aRodríguez, María del Carmen,$d1978-
=245  10$aBorges, el sueño imposible de ser /$cMaría del Carmen Rodríguez.
=260  \\$aBuenos Aires :$bEditorial Biblos,$cc2009.
=300  \\$a187 p. ;$c23 cm.
=336  \\$atext$2rdacontent
=337  \\$aunmediated$2rdamedia
=338  \\$avolume$2rdacarrier
=490  0\$aTeoría y crítica
=504  \\$aIncludes bibliographical references (p. 177-187).
=600  10$aBorges, Jorge Luis,$d1899-1986$xCriticism and interpretation.
=600  10$aBorges, Jorge Luis,$d1899-1986$xKnowledge$xPhilosophy.
=650  \0$aSelf in literature.
=650  \0$aEgo (Psychology) in literature.
=852  41$aBritish Library$bHMNTS$jYF.2010.a.23427
=856  41$uhttp://core.cambeiro.com.ar/0-157026-0.pdf
=CAT  \\$a5918$b40$c20100604$lBLL01$h1437
=CAT  \\$a5918$b40$c20100604$lBLL01$h1438
=CAT  \\$a8440$b40$c20100901$lBLL01$h0910
=CAT  \\$aBATCH-UPD$b40$c20101123$lBLL01$h2056
=CAT  \\$aW2308-1659$c20230923$lBLL01$h1056
=FIN  \\$aY$d20100901
=FMT  \\$a  BK
=LAS  \\$aW2308-1659$b00$c20230923$lBLL01$h1056
=SID  \\$aZ39$bLOC

