=LDR  01273cam a22003734a 4500
=001  015573601
=003  Uk
=005  20100811165300.0
=008  100625s2008\\\\ag\a\\\\\b\\\\000\0\spa\d
=010  \\$a2010423424
=020  \\$a9789871520107 (pbk.)
=035  \\$a(AR-BaFGC)0-154132/0
=040  \\$aAR-BaFGC$cAR-BaFGC$dDLC$dUk
=042  \\$aukblderived
=050  00$aPQ7797.P576$bZ46333 2008
=100  1\$aCalafell Sala, Núria,$d1981-
=245  10$aSujeto, cuerpo y lenguaje en los Diarios de Alejandra Pizarnik /$cNúria Calafell Sala.
=260  \\$aCórdoba, Arg. [Argentina] :$bBabel Editorial,$c[2008]
=300  \\$a314 p. :$bill. ;$c22 cm.
=336  \\$atext$2rdacontent
=337  \\$aunmediated$2rdamedia
=338  \\$avolume$2rdacarrier
=504  \\$aIncludes bibliographical references.
=600  10$aPizarnik, Alejandra,$d1936-1972.$tDiaries.
=650  \0$aHuman body in literature.
=852  41$aBritish Library$bHMNTS$jYF.2010.a.21515
=856  41$uhttp://core.cambeiro.com.ar/0-154132-0.pdf
=CAT  \\$a8229$b40$c20100609$lBLL01$h0747
=CAT  \\$a12630$b40$c20100811$lBLL01$h1653
=CAT  \\$aW2308-1659$c20230923$lBLL01$h1057
=FIN  \\$aY$d20100811
=FMT  \\$a  BK
=LAS  \\$aW2308-1659$b00$c20230923$lBLL01$h1057
=SID  \\$aZ39$bLOC

