=LDR  01613 am a2200433 a 4500
=001  015573633
=003  Uk
=005  20130228163159.0
=008  120313s2008\\\\ag\\\\\\\b\\\o000\0\spa\d
=010  \\$a2012377228
=020  \\$a9789872418113 (pbk.)
=035  \\$a(AR-BaFGC)0-165613/1
=040  \\$aAR-BaFGC$cAR-BaFGC$dDLC$dUk
=042  \\$aukblsr
=043  \\$as-ag---
=050  00$aHV8178.5$b.G63 2008
=245  00$aGobierno, instituciones y tendencias de la formación policial en la República Argentina /$c[coordinador Javier Alonso ; equipo de trabajo, Ezequiel Sarobe ... et al.].
=260  \\$aCiudad Autónoma de Buenos Aires :$bUNDP Argentina,$c2008.
=300  \\$a190 p. ;$c24 cm.
=336  \\$atext$2rdacontent
=337  \\$aunmediated$2rdamedia
=338  \\$avolume$2rdacarrier
=490  1\$aCuadernos de seguridad. Colección Investigación y análisis ;$v1
=504  \\$aIncludes bibliographical references.
=650  \0$aPolice training$zArgentina.
=700  1\$aAlonso, Javier,$ctécnico.
=710  2\$aUNDP Argentina.
=710  1\$aArgentina.$bConsejo de Seguridad Interior.
=830  \0$aCuadernos de seguridad.$pColección Investigación y análisis ;$v1.
=852  41$aBritish Library$bHMNTS$jYF.2013.a.3919
=856  41$uhttp://core.cambeiro.com.ar/0-165613-1.pdf
=CAT  \\$a8229$b40$c20100609$lBLL01$h0852
=CAT  \\$a11342$b40$c20120622$lBLL01$h1737
=CAT  \\$a11342$b40$c20130228$lBLL01$h1332
=CAT  \\$a11342$b40$c20130228$lBLL01$h1631
=FIN  \\$aY$d20130228
=FMT  \\$a  BK
=LAS  \\$a11342$b40$c20130228$lBLL01$h1631
=SID  \\$aZ39$bLOC

