=LDR  01643cam a22004214a 4500
=001  015573654
=003  Uk
=005  20110117081602.0
=008  090618s2008\\\\ag\ab\\\\b\\\\000\0\spa\d
=010  \\$a  2009400221
=020  \\$a9789876550147
=035  \\$a(AR-BaFGC)0-65819/54
=040  \\$aAR-BaFGC$cAR-BaFGC$dDLC$dUk
=042  \\$aukblderived
=043  \\$as-ag---
=050  00$aF3011.V58$bM54 2008
=245  03$aLa migración boliviana en el Partido de Villarino, Prov. de Buenos Aires :$btransformaciones socioculturales /$cAlicia Pérez, María Elena Ginobili, coordinadoras.
=260  \\$aBahía Blanca, Argentina :$bEDIUNS, Editorial de la Universidad Nacional del Sur,$cc2008.
=300  \\$a159 p. :$bill., maps ;$c21 cm.
=336  \\$atext$2rdacontent
=337  \\$aunmediated$2rdamedia
=338  \\$avolume$2rdacarrier
=504  \\$aIncludes bibliographical references (p. 151-158).
=650  \0$aBolivians$zArgentina$zVillarino (Partido)$xSocial conditions.
=650  \0$aBolivians$zArgentina$zVillarino (Partido)$xEthnic identity.
=650  \0$aImmigrants$zArgentina$zVillarino (Partido)$xSocial conditions.
=651  \0$aVillarino (Argentina : Partido)$xEthnic relations.
=700  1\$aPérez, Alicia.
=700  1\$aGinobili, María Elena.
=852  41$aBritish Library$bHMNTS$jYF.2011.a.2283
=856  41$uhttp://core.cambeiro.com.ar/0-65819-54.pdf
=CAT  \\$a8229$b40$c20100609$lBLL01$h0908
=CAT  \\$a11002$b40$c20110117$lBLL01$h0816
=CAT  \\$aW2308-1659$c20230923$lBLL01$h1057
=FIN  \\$aY$d20110117
=FMT  \\$a  BK
=LAS  \\$aW2308-1659$b00$c20230923$lBLL01$h1057
=SRC  \\$aBLL02

