=LDR  01418cam a22003974a 4500
=001  015573963
=003  Uk
=005  20100812094452.0
=008  090814s2009\\\\ag\\\\\\\b\\\\000\0\spa\d
=010  \\$a  2009400313
=020  \\$a9789876570503
=035  \\$a(AR-BaFGC)0-155210/1
=040  \\$aAR-BaFGC$cAR-BaFGC$dDLC$dUk
=042  \\$aukblderived
=043  \\$as-ag---
=050  00$aF2909$b.M78 2009
=100  1\$aMolina, Eugenia.
=245  13$aEl poder de la opinión pública :$btrayectos y avatares de una nueva cultura política en el Río de la Plata, 1800-1852 /$cEugenia Molina.
=260  \\$aSanta Fe, Argentina :$bUniversidad Nacional del Litoral,$cc2009.
=300  \\$a274 p. ;$c22 cm.
=336  \\$atext$2rdacontent
=337  \\$aunmediated$2rdamedia
=338  \\$avolume$2rdacarrier
=490  0\$aItinerarios. Estudios sociales
=504  \\$aIncludes bibliographical references.
=650  \0$aPublic opinion$zArgentina$xHistory$y19th century.
=651  \0$aArgentina$xPolitics and government$y19th century$xPublic opinion.
=852  41$aBritish Library$bHMNTS$jYF.2010.a.21494
=856  41$uhttp://core.cambeiro.com.ar/0-155210-1.pdf
=CAT  \\$a8229$b40$c20100609$lBLL01$h1141
=CAT  \\$a12630$b40$c20100812$lBLL01$h0944
=CAT  \\$aW2308-1659$c20230923$lBLL01$h1057
=FIN  \\$aY$d20100812
=FMT  \\$a  BK
=LAS  \\$aW2308-1659$b00$c20230923$lBLL01$h1057
=SRC  \\$aBLL02

