=LDR  01529cam a22004454a 4500
=001  015574028
=003  Uk
=005  20100811153025.0
=008  100412s2009\\\\ag\\\\\\\b\\\\000\0\spa\d
=010  \\$a2010423092
=020  \\$a9789875743274 (pbk.)
=020  \\$a9875743275 (pbk.)
=035  \\$a(AR-BaFGC)0-155320/0
=040  \\$aAR-BaFGC$cAR-BaFGC$dDLC$dUk
=042  \\$aukblderived
=043  \\$as-ag---
=050  00$aU468.E4$b.B33 2009
=100  1\$aBadaró, Máximo.
=245  10$aMilitares o ciudadanos :$bla formación de los oficiales del Ejército Argentino /$cMáximo Badaró.
=260  \\$aBuenos Aires :$bPrometeo Libros,$cc2009.
=300  \\$a363 p. ;$c22 cm.
=336  \\$atext$2rdacontent
=337  \\$aunmediated$2rdamedia
=338  \\$avolume$2rdacarrier
=490  0\$aColección Miradas antropológicas
=504  \\$aIncludes bibliographical references.
=610  20$aColegio Militar de la Nación (Argentina)
=610  10$aArgentina.$bEjército$xOfficers$xTraining of.
=650  \0$aMilitary education$zArgentina.
=650  \0$aSociology, Military$zArgentina.
=852  41$aBritish Library$bHMNTS$jYF.2010.a.21524
=856  41$uhttp://core.cambeiro.com.ar/0-155320-0.pdf
=CAT  \\$a8229$b40$c20100609$lBLL01$h1320
=CAT  \\$a12630$b40$c20100811$lBLL01$h1530
=CAT  \\$aBATCH-UPD$b40$c20140203$lBLL01$h2101
=CAT  \\$aW2308-1659$c20230923$lBLL01$h1057
=FIN  \\$aY$d20100811
=FMT  \\$a  BK
=LAS  \\$aW2308-1659$b00$c20230923$lBLL01$h1057
=SID  \\$aZ39$bLOC

