=LDR  01585cam a22004214a 4500
=001  015574033
=003  Uk
=005  20100901084244.0
=008  091124s2009\\\\ag\ab\\\\b\\\\000\0\spa\d
=010  \\$a  2009400527
=020  \\$a9789875581838
=035  \\$a(AR-BaFGC)0-103476/18
=040  \\$aAR-BaFGC$cAR-BaFGC$dDLC$dUk
=042  \\$aukblderived
=043  \\$as-ag---
=050  00$aHD6604.A29$bA83 2009
=100  1\$aAscolani, Adrián.
=245  13$aEl sindicalismo rural en la Argentina :$bde la resistencia clasista a la comunidad organizada, 1928-1952 /$cAdrián Ascolani.
=260  \\$aBernal [Argentina] :$bUniversidad Nacional de Quilmes Editorial,$cc2009.
=300  \\$a391 p. :$bill., maps ;$c23 cm.
=336  \\$atext$2rdacontent
=337  \\$aunmediated$2rdamedia
=338  \\$avolume$2rdacarrier
=490  0\$aColección Convergencia. Entre memoria y sociedad
=504  \\$aIncludes bibliographical references (p. 375-391).
=650  \0$aAgricultural laborers$xLabor unions$zArgentina$zPampas$xHistory.
=650  \0$aAgricultural laborers$zArgentina$zPampas$xHistory.
=650  \0$aAgriculture and state$zArgentina$zPampas$xHistory.
=651  \0$aPampas (Argentina)$xSocial conditions.
=852  41$aBritish Library$bHMNTS$jYF.2010.a.23528
=856  41$uhttp://core.cambeiro.com.ar/0-103476-18.pdf
=CAT  \\$a8229$b40$c20100609$lBLL01$h1329
=CAT  \\$a8440$b40$c20100901$lBLL01$h0842
=CAT  \\$aW2308-1659$c20230923$lBLL01$h1057
=FIN  \\$aY$d20100901
=FMT  \\$a  BK
=LAS  \\$aW2308-1659$b00$c20230923$lBLL01$h1057
=SRC  \\$aBLL02

