=LDR  01587cam a22004574a 4500
=001  015574035
=003  Uk
=005  20100812093527.0
=008  100415s2009\\\\ag\\\\\\\b\\\\001\0dspa\d
=010  \\$a2010423103
=020  \\$a9789875455726 (pbk.)
=020  \\$a9875455725 (pbk.)
=035  \\$a(AR-BaFGC)0-74955/93
=040  \\$aAR-BaFGC$cAR-BaFGC$dDLC$dUk
=042  \\$aukblderived
=043  \\$as-ag---
=050  00$aF2849.2$b.G825 2009
=100  1\$aGuerrero, Alejandro.
=245  13$aEl peronismo armado :$bde la resistencia a Montoneros, de la Libertadora al exterminio /$cAlejandro Guerrero.
=250  \\$a1. ed.
=260  \\$aBuenos Aires :$bGrupo Editorial Norma,$cc2009.
=300  \\$a700 p. ;$c23 cm.
=336  \\$atext$2rdacontent
=337  \\$aunmediated$2rdamedia
=338  \\$avolume$2rdacarrier
=490  0\$aColección Biografías y documentos
=504  \\$aIncludes bibliographical references and index.
=610  20$aOrganización Montoneros (Argentina)
=650  \0$aPeronism$xHistory$y20th century.
=650  \0$aGuerrillas$zArgentina$xHistory$y20th century.
=651  \0$aArgentina$xPolitics and government$y1955-1983.
=852  41$aBritish Library$bHMNTS$jYF.2010.a.21495
=856  41$uhttp://core.cambeiro.com.ar/0-74955-93.pdf
=CAT  \\$a8229$b40$c20100609$lBLL01$h1332
=CAT  \\$a12630$b40$c20100812$lBLL01$h0935
=CAT  \\$aBATCH-UPD$b40$c20171023$lBLL01$h2023
=CAT  \\$aW2308-1659$c20230923$lBLL01$h1057
=FIN  \\$aY$d20100812
=FMT  \\$a  BK
=LAS  \\$aW2308-1659$b00$c20230923$lBLL01$h1057
=SID  \\$aZ39$bLOC

