=LDR  01556 am a22004454a 4500
=001  015598918
=003  Uk
=005  20100901082805.0
=008  091211s2009\\\\ag\a\\\\\b\\\\000\0\spa\d
=010  \\$a  2009400533
=020  \\$a9789871567119
=035  \\$a(AR-BaFGC)0-156001/0
=040  \\$aAR-BaFGC$cAR-BaFGC$dDLC$dUk
=042  \\$aukblderived
=043  \\$an-us---$as-bo---
=050  00$aE183.8.B6$bC35 2009
=100  1\$aCalloni, Stella.
=245  10$aEvo en la mira :$bCIA y DEA en Bolivia /$cStella Calloni.
=260  \\$aCiudad Autónoma de Buenos Aires :$bEditorial Punto de Encuentro,$cc2009.
=300  \\$a390 p. :$bill. ;$c23 cm.
=336  \\$atext$2rdacontent
=337  \\$aunmediated$2rdamedia
=338  \\$avolume$2rdacarrier
=504  \\$aIncludes bibliographical references.
=600  10$aMorales Ayma, Evo,$d1959-
=610  10$aUnited States.$bDrug Enforcement Administration.
=610  10$aUnited States.$bCentral Intelligence Agency$zBolivia.
=651  \0$aUnited States$xRelations$zBolivia.
=651  \0$aBolivia$xRelations$zUnited States.
=651  \0$aBolivia$xPolitics and government$y1982-.
=852  41$aBritish Library$bHMNTS$jYF.2010.a.23521
=856  41$uhttp://core.cambeiro.com.ar/0-156001-0.pdf
=CAT  \\$a8301$b40$c20100712$lBLL01$h1137
=CAT  \\$aBATCH-UPD$b40$c20100712$lBLL01$h1137
=CAT  \\$a8440$b40$c20100901$lBLL01$h0828
=CAT  \\$aBATCH-UPD$b40$c20120611$lBLL01$h2030
=FIN  \\$aY$d20100901
=FMT  \\$a  BK
=LAS  \\$aBATCH-UPD$b40$c20120611$lBLL01$h2030
=SRC  \\$aBLL02

