=LDR  01524cam a22004094a 4500
=001  015621926
=003  Uk
=005  20121106122148.0
=008  090818s2009\\\\fr\a\\\\\b\\\\000\1\spa\d
=010  \\$a  2009400312
=020  \\$a9789876460606
=035  \\$a(AR-BaFGC)0-40814/17
=040  \\$aAR-BaFGC$cAR-BaFGC$dDLC$dUk
=042  \\$aukblderived
=050  00$aPQ8519.O59$bA13 2009
=100  1\$aOnetti, Juan Carlos,$d1909-1994.
=245  10$aNovelas cortas /$cJuan Carlos Onetti ; edición crítica, Daniel Balderston, coordinador.
=250  \\$a1. ed.
=260  \\$aPoitiers, France :$bCentre de Recherches Latino-Américaines-Archivos ;$aCórdoba, Argentina :$b[Published and distributed by] Alción ;$aUruguay :$bBiblioteca Nacional de Uruguay,$c2009.
=300  \\$alxv, 917 p. :$bill. ;$c24 cm.
=336  \\$atext$2rdacontent
=337  \\$aunmediated$2rdamedia
=338  \\$avolume$2rdacarrier
=490  0\$aColección Archivos$v59
=504  \\$aIncludes bibliographical references (p. [897]-912).
=600  10$aOnetti, Juan Carlos,$d1909-1994.
=700  1\$aBalderston, Daniel,$d1952-
=852  41$aBritish Library$bHMNTS$jYF.2011.a.16381
=856  41$uhttp://core.cambeiro.com.ar/0-40814-17.pdf
=CAT  \\$a8301$b40$c20100809$lBLL01$h1104
=CAT  \\$a10904$b40$c20110719$lBLL01$h1106
=CAT  \\$a7467$b40$c20121106$lBLL01$h1221
=CAT  \\$aW2308-1659$c20230923$lBLL01$h1059
=FIN  \\$aY$d20110719
=FMT  \\$a  BK
=LAS  \\$aW2308-1659$b00$c20230923$lBLL01$h1059
=SRC  \\$aBLL02

