=LDR  01519cam a22004094a 4500
=001  015621946
=003  Uk
=005  20130610090715.0
=008  100315s2009\\\\ag\a\\\\\b\\\\000\0\spa\d
=010  \\$a2010423035
=020  \\$a9789500518475
=035  \\$a(AR-BaFGC)0-156655/0
=040  \\$aAR-BaFGC$cAR-BaFGC$dDLC$dUk
=042  \\$aukblderived
=043  \\$acl-----
=050  00$aPQ7081.A1$bP595 2009
=245  00$aPoéticas de lo criollo :$bla transformación del concepto criollo en las letras hispanoamericanas, siglos XVI-XIX /$ccompilación, edición e introducción, Juan M. Vitulli, David Solodkow.
=260  \\$aBs. As. [i.e. Buenos Aires] :$bCorregidor,$cc2009.
=300  \\$a492 p. :$bill. ;$c20 cm.
=336  \\$atext$2rdacontent
=337  \\$aunmediated$2rdamedia
=338  \\$avolume$2rdacarrier
=504  \\$aIncludes bibliographical references.
=650  \0$aLatin American literature$xHistory and criticism.
=650  \0$aNational characteristics, Latin American, in literature.
=700  1\$aVitulli, Juan M.
=700  1\$aSolodkow, David M.$q(David Mauricio).
=852  41$aBritish Library$bHMNTS$jYF.2013.a.10828
=856  41$uhttp://core.cambeiro.com.ar/0-156655-0.pdf
=CAT  \\$a8301$b40$c20100809$lBLL01$h1120
=CAT  \\$a11002$b40$c20130610$lBLL01$h0907
=CAT  \\$aBATCH-UPD$b40$c20190130$lBLL01$h1852
=CAT  \\$aW2308-1659$c20230923$lBLL01$h1059
=FIN  \\$aY$d20130610
=FMT  \\$a  BK
=LAS  \\$aW2308-1659$b00$c20230923$lBLL01$h1059
=SID  \\$aZ39$bLOC

