=LDR  01469cam a22004214a 4500
=001  015621966
=003  Uk
=005  20101118090322.0
=008  090904s2009\\\\ag\a\\\\\\\\\\000\0\spa\d
=010  \\$a  2009400353
=020  \\$a9789505153329
=035  \\$a(AR-BaFGC)0-155438/0
=040  \\$aAR-BaFGC$cAR-BaFGC$dDLC$dUk
=042  \\$aukblderived
=043  \\$as-ag---
=050  00$aF2849$b.W3 2009
=100  1\$aWalsh, Rodolfo J.
=245  10$aOperación Masacre seguido de La campaña periodística /$cRodolfo Walsh ; edición crítica de Roberto Ferro.
=260  \\$aBuenos Aires :$bEdiciones de la Flor,$cc2009.
=300  \\$a319 p. :$bill. ;$c23 cm.
=336  \\$atext$2rdacontent
=337  \\$aunmediated$2rdamedia
=338  \\$avolume$2rdacarrier
=500  \\$aPreviously published: Buenos Aires : Ediciones de la Flor, c1972.
=650  \0$aPolice$zArgentina$zBuenos Aires (Province)
=651  \0$aArgentina$xHistory$yRevolution, 1955.
=651  \0$aArgentina$xPolitics and government$y1943-1955.
=700  1\$aFerro, Roberto.
=852  41$aBritish Library$bHMNTS$jYF.2010.a.30411
=856  41$uhttp://core.cambeiro.com.ar/0-155438-0.pdf
=CAT  \\$a8301$b40$c20100809$lBLL01$h1140
=CAT  \\$a11002$b40$c20101118$lBLL01$h0903
=CAT  \\$aBATCH$b00$c20101119$lBLL01$h0816
=CAT  \\$aW2308-1659$c20230923$lBLL01$h1059
=FIN  \\$aY$d20101118
=FMT  \\$a  BK
=LAS  \\$aW2308-1659$b00$c20230923$lBLL01$h1059
=SRC  \\$aBLL02

