=LDR  01419cam a2200421 a 4500
=001  015625258
=003  Uk
=005  20111121154617.0
=008  091009s2009\\\\ag\ab\\\\b\\\\000\0\spa\d
=010  \\$a  2009400420
=020  \\$a9789500731003
=035  \\$a(AR-BaFGC)0-147099/17
=040  \\$aAR-BaFGC$cAR-BaFGC$dDLC$dUk
=042  \\$aukblcatcopy
=043  \\$as-ag---$alsfk---
=050  00$aF3031.5$b.L675 2009
=100  1\$aLorenz, Federico G.,$d1970-
=245  10$aMalvinas, una guerra argentina /$cFederico Lorenz.
=260  \\$aBuenos Aires :$bEditorial Sudamericana,$cc2009.
=300  \\$a212 p. :$bill., maps ;$c23 cm.
=336  \\$atext$2rdacontent
=337  \\$aunmediated$2rdamedia
=338  \\$avolume$2rdacarrier
=490  0\$aNudos de la historia argentina
=504  \\$aIncludes bibliographical references (p. 205-212).
=650  \0$aFalkland Islands War, 1982$xInfluence.
=651  \0$aArgentina$xPolitics and government$y1955-
=852  41$aBritish Library$bHMNTS$jYF.2010.a.23744
=856  41$uhttp://core.cambeiro.com.ar/0-147099-17.pdf
=CAT  \\$a8229$b40$c20100811$lBLL01$h0853
=CAT  \\$a5703$b40$c20100909$lBLL01$h1145
=CAT  \\$a6550$b40$c20111121$lBLL01$h1545
=CAT  \\$a6550$b40$c20111121$lBLL01$h1546
=CAT  \\$aW2308-1659$c20230923$lBLL01$h1059
=FIN  \\$aY$d20100909
=FMT  \\$a  BK
=LAS  \\$aW2308-1659$b00$c20230923$lBLL01$h1059
=SRC  \\$aBLL02

