=LDR  01497cam a22004214a 4500
=001  015625360
=003  Uk
=005  20100909112509.0
=008  090902s2009\\\\ag\\\\\\\b\\\\000\0\spa\d
=010  \\$a  2009400341
=020  \\$a9789500518260
=035  \\$a(AR-BaFGC)0-145289/2
=040  \\$aAR-BaFGC$cAR-BaFGC$dDLC$dUk
=042  \\$aukblcatcopy
=043  \\$as-ag---$as-cl---
=050  00$aPQ7689$b.H47 2009
=100  1\$aHernández, Paola S.
=245  13$aEl teatro de Argentina y Chile :$bglobalización, resistencia y desencanto /$cPaola S. Hernández.
=260  \\$aBs. As. [i. e. Buenos Aires] :$bCorregidor,$cc2009.
=300  \\$a204 p. ;$c20 cm.
=336  \\$atext$2rdacontent
=337  \\$aunmediated$2rdamedia
=338  \\$avolume$2rdacarrier
=490  0\$aColección Nueva investigación teatral
=504  \\$aIncludes bibliographical references (p. [193]-204).
=650  \0$aArgentine drama$y20th century$xHistory and criticism.
=650  \0$aChilean drama$y20th century$xHistory and criticism.
=650  \0$aTheater$xPolitical aspects$zArgentina.
=650  \0$aTheater$xPolitical aspects$zChile.
=852  41$aBritish Library$bHMNTS$jYF.2010.a.23743
=856  41$uhttp://core.cambeiro.com.ar/0-145289-2.pdf
=CAT  \\$a8229$b40$c20100811$lBLL01$h1059
=CAT  \\$a5703$b40$c20100909$lBLL01$h1125
=CAT  \\$aW2308-1659$c20230923$lBLL01$h1059
=FIN  \\$aY$d20100909
=FMT  \\$a  BK
=LAS  \\$aW2308-1659$b00$c20230923$lBLL01$h1059
=SRC  \\$aBLL02

