=LDR  01318cam a22003734a 4500
=001  015625387
=003  Uk
=005  20110513123302.0
=008  091215s2009\\\\ag\\\\\\\b\\\\000\0\spa\d
=010  \\$a2009400585
=020  \\$a9789505546190
=035  \\$a(AR-BaFGC)0-156327/0
=040  \\$aAR-BaFGC$cAR-BaFGC$dDLC$dUk
=042  \\$aukblderived
=050  00$aPQ7797.G386$bZ663 2009
=100  1\$aCrites, Elsa.
=245  10$aJuan Gelman :$bel poder de la palabra /$cElsa Crites.
=260  \\$aSan Miguel de Tucumán, Tucumán, Rep. Argentina :$bFacultad de Filosofía y Letras, Universidad Nacional de Tucumán,$cc2009.
=300  \\$a135 p. ;$c20 cm.
=336  \\$atext$2rdacontent
=337  \\$aunmediated$2rdamedia
=338  \\$avolume$2rdacarrier
=504  \\$aIncludes bibliographical references (p. [123]-135).
=600  10$aGelman, Juan,$d1930-2014$xCriticism and interpretation.
=852  41$aBritish Library$bHMNTS$jYF.2011.a.11700
=856  41$uhttp://core.cambeiro.com.ar/0-156327-0.pdf
=CAT  \\$a8229$b40$c20100811$lBLL01$h1120
=CAT  \\$a11131$b40$c20110513$lBLL01$h1233
=CAT  \\$aBATCH-UPD$b40$c20140118$lBLL01$h1908
=CAT  \\$aW2308-1659$c20230923$lBLL01$h1059
=FIN  \\$aY$d20110513
=FMT  \\$a  BK
=LAS  \\$aW2308-1659$b00$c20230923$lBLL01$h1059
=SID  \\$aZ39$bLOC

