=LDR  01557cam a2200397 a 4500
=001  015631100
=003  Uk
=005  20101012135906.0
=008  090707s2009\\\\ag\a\\\\\b\\\\000\1dspa\d
=010  \\$a  2009400252
=020  \\$a9789876460569
=035  \\$a(AR-BaFGC)0-40814/16
=040  \\$aAR-BaFGC$cAR-BaFGC$dDLC$dUk
=042  \\$aukblcatcopy
=050  00$aPQ7797.S214$bS6 2009
=100  1\$aSábato, Ernesto R.
=245  10$aSobre héroes y tumbas /$cErnesto Sábato ; edición crítica, María Rosa Lojo, coordinadora.
=250  \\$a1. ed. argentina.
=260  \\$aPoitiers :$bCRLA-Archivos ;$aCórdoba [Argentina] :$bAlción Editora ;$a[Buenos Aires] :$bDirección General de Asuntos Culturales, Ministerio de Relaciones Exteriores, Comercio Internacional y Culto de la República Argentina,$c2009.
=300  \\$alxx, 1036 p. :$bill. ;$c24 cm.
=336  \\$atext$2rdacontent
=337  \\$aunmediated$2rdamedia
=338  \\$avolume$2rdacarrier
=490  0\$aColección Archivos ;$v60
=504  \\$aIncludes bibliographical references (p. [1007]-1030).
=600  10$aSábato, Ernesto R.$xCriticism and interpretation.
=700  1\$aLojo de Beuter, María Rosa.
=852  41$aBritish Library$bHMNTS$jYF.2010.a.27054
=856  41$uhttp://core.cambeiro.com.ar/0-40814-16.pdf
=CAT  \\$a8229$b40$c20100818$lBLL01$h0822
=CAT  \\$a5703$b40$c20101012$lBLL01$h1359
=CAT  \\$aW2308-1659$c20230923$lBLL01$h1059
=FIN  \\$aY$d20101012
=FMT  \\$a  BK
=LAS  \\$aW2308-1659$b00$c20230923$lBLL01$h1059
=SRC  \\$aBLL02

