=LDR  01880cam a22004694a 4500
=001  015651348
=003  Uk
=005  20100916142317.0
=008  091124s2009\\\\ag\\\\\\\b\\\\000\0\spa\d
=010  \\$a2009400537
=020  \\$a9789500518420 (pbk.)
=035  \\$a(AR-BaFGC)0-122116/32
=040  \\$aAR-BaFGC$cAR-BaFGC$dDLC$dUk
=042  \\$aukblcatcopy
=043  \\$as-ag---$as-cl---
=050  00$aPQ7798.12.E3943 P-PZ40 .xZ5-.xZ999 C (Cossio) 2009
=100  1\$aCossio Arredondo, Germán.
=245  10$aSólo cuento con mi lengua :$bpoesía de mujeres en dictadura /$cGermán Cossio Arredondo.
=260  \\$aBs. As. [i.e. Buenos Aires] :$bCorregidor,$cc2009.
=300  \\$a184 p. ;$c20 cm.
=336  \\$atext$2rdacontent
=337  \\$aunmediated$2rdamedia
=338  \\$avolume$2rdacarrier
=490  0\$aNueva crítica hispanoamericana
=500  \\$aOriginally presented as the author's thesis (Magister)--Universidad de Chile, entitled: Condición clandestina de la poesía de mujeres en dictadura.
=504  \\$aIncludes bibliographical references (p. [179]-182).
=600  10$aBellessi, Diana,$d1946-$tTributo del mudo.
=600  10$aHernández, Elvira,$d1951-$tBandera de Chile.
=650  \0$aArgentine poetry$y20th century$xHistory and criticism.
=650  \0$aChilean poetry$y20th century$xHistory and criticism.
=852  41$aBritish Library$bHMNTS$jYF.2010.a.24415
=856  41$uhttp://core.cambeiro.com.ar/0-122116-32.pdf
=CAT  \\$a10926$b40$c20100916$lBLL01$h1423
=CAT  \\$aBATCH-UPD$b40$c20100916$lBLL01$h1423
=CAT  \\$aBATCH-UPD$b40$c20110405$lBLL01$h2154
=CAT  \\$aBATCH-UPD$b40$c20130110$lBLL01$h1425
=CAT  \\$aBATCH-UPD$b40$c20150409$lBLL01$h2129
=CAT  \\$aW2308-1659$c20230923$lBLL01$h1100
=FIN  \\$aY$d20100916
=FMT  \\$a  BK
=LAS  \\$aW2308-1659$b00$c20230923$lBLL01$h1100
=SID  \\$aZ39$bLOC

