=LDR  01245 am a2200373 a 4500
=001  015661108
=003  Uk
=005  20120501154458.0
=008  101117s2009\\\\ag\\\\\\\bd\\\000\0\spa\d
=010  \\$a2010504174
=020  \\$a9789500395885
=035  \\$a(AR-BaFGC)0-150568/0
=040  \\$aAR-BaFGC$beng$cAR-BaFGC$dDLC$dUk
=042  \\$aukblsr
=050  00$aPC4460$b.A732 2010
=100  1\$aAragó, Manuel Rafael.
=245  10$aNuevo diccionario de dudas y problemas del idioma español /$cManuel Rafael Aragó.
=250  \\$a3a ed. actualizada y aum.
=260  \\$aBuenos Aires :$bEditorial Losada,$c2009.
=300  \\$a1136 p. ;$c24 cm.
=336  \\$atext$2rdacontent
=337  \\$aunmediated$2rdamedia
=338  \\$avolume$2rdacarrier
=504  \\$aIncludes bibliographical references (p. 1110-1136).
=650  \0$aSpanish language$xErrors of usage$vDictionaries.
=852  41$aBritish Library$bHMNTS$jYF.2012.a.12441
=856  41$uhttp://core.cambeiro.com.ar/0-150568-0.pdf
=CAT  \\$a8301$b40$c20100929$lBLL01$h1635
=CAT  \\$aBATCH-UPD$b40$c20100929$lBLL01$h1800
=CAT  \\$a5521$b40$c20120501$lBLL01$h1544
=FIN  \\$aY$d20120501
=FMT  \\$a  BK
=LAS  \\$a5521$b40$c20120501$lBLL01$h1544
=SID  \\$aZ39$bLOC

