=LDR  01488cam a22004334a 4500
=001  015667154
=003  Uk
=005  20110104092710.0
=008  090813s2009\\\\sp\\\\\\\b\\\\000\0dspa\d
=010  \\$a  2009400302
=020  \\$a9789501524239
=035  \\$a(AR-BaFGC)0-1180/58
=040  \\$aAR-BaFGC$cAR-BaFGC$dDLC$dUk
=042  \\$aukblderived
=043  \\$as-ag---
=050  00$aF2843$b.C28 2009
=100  1\$aCastro, Nelson,$d1955-
=245  13$aLa sorprendente historia de los vicepresidentes argentinos /$cNelson Castro ; prólogo de Joaquín Morales Solá.
=250  \\$a1ra ed.
=260  \\$aBarcelona :$bVergara, Grupo Zeta,$cc2009.
=300  \\$a432 p. ;$c23 cm.
=336  \\$atext$2rdacontent
=337  \\$aunmediated$2rdamedia
=338  \\$avolume$2rdacarrier
=490  0\$aBiografía e historia
=504  \\$aIncludes bibliographical references.
=650  \0$aVice-Presidents$zArgentina$xHistory$y19th century.
=650  \0$aVice-Presidents$zArgentina$xHistory$y20th century.
=650  \0$aVice-Presidents$zArgentina$xHistory$y2002-
=651  \0$aArgentina$xPolitics and government$y1810-
=852  41$aBritish Library$bHMNTS$jYF.2011.a.200
=856  41$uhttp://core.cambeiro.com.ar/0-1180-58.pdf
=CAT  \\$a11375$b40$c20101011$lBLL01$h1124
=CAT  \\$a8440$b40$c20110104$lBLL01$h0927
=CAT  \\$aW2308-1659$c20230923$lBLL01$h1101
=FIN  \\$aY$d20110104
=FMT  \\$a  BK
=LAS  \\$aW2308-1659$b00$c20230923$lBLL01$h1101
=SRC  \\$aBLL02

