=LDR  01795cam a22004814a 4500
=001  015667351
=003  Uk
=005  20110311181223.0
=008  100527s2010\\\\ag\a\\\\\b\\\\000\0\spa\d
=010  \\$a  2010423282
=020  \\$a9789876291248 (pbk.)
=035  \\$a(AR-BaFGC)0-116137/5
=040  \\$aAR-BaFGC$beng$cAR-BaFGC$dDLC$dUk
=042  \\$aukblsr
=043  \\$as-ag---
=050  00$aHC175$b.A9869 2010
=100  1\$aAzpiazu, Daniel.
=245  10$aHecho en Argentina :$bindustria y economía, 1976-2007 /$cDaniel Azpiazu, Martín Schorr.
=260  \\$aBuenos Aires :$bSiglo Veintiuno Editores :$bFLACSO, Sede Académica Argentina,$cc2010.
=300  \\$a302 p. :$bill. ;$c23 cm.
=336  \\$atext$2rdacontent
=337  \\$aunmediated$2rdamedia
=338  \\$avolume$2rdacarrier
=490  0\$aEconomía política argentina
=504  \\$aIncludes bibliographical references (p. [289]-296).
=650  \0$aIndustries$zArgentina$xHistory$y20th century.
=650  \0$aIndustries$zArgentina$xHistory$y21st century.
=650  \0$aIndustrial policy$zArgentina$xHistory$y20th century.
=650  \0$aIndustrial policy$zArgentina$xHistory$y21st century.
=700  1\$aSchorr, Martín.
=710  2\$aFLACSO (Organization).$bSede Académica Argentina.
=852  41$aBritish Library$bHMNTS$jYF.2011.a.5972
=856  41$uhttp://core.cambeiro.com.ar/0-116137-5.pdf
=CAT  \\$a11375$b40$c20101011$lBLL01$h1359
=CAT  \\$a11002$b40$c20110117$lBLL01$h0841
=CAT  \\$a11342$b40$c20110311$lBLL01$h1812
=CAT  \\$aBATCH-UPD$b40$c20140202$lBLL01$h2242
=CAT  \\$aBATCH-UPD$b40$c20220702$lBLL01$h1740
=CAT  \\$aW2308-1659$c20230923$lBLL01$h1101
=FIN  \\$aY$d20110311
=FMT  \\$a  BK
=LAS  \\$aW2308-1659$b00$c20230923$lBLL01$h1101
=SID  \\$aZ39$bLOC

