=LDR  01353cam a22003854a 4500
=001  015667417
=003  Uk
=005  20110117080557.0
=008  100311s2009\\\\ag\a\\\\\b\\\i000\0\spa\d
=010  \\$a2010423037
=020  \\$a9789876290876
=035  \\$a(AR-BaFGC)0-156603/0
=040  \\$aAR-BaFGC$cAR-BaFGC$dDLC$dUk
=042  \\$aukblderived
=043  \\$acl-----
=050  00$aHD5730.5.A6$bN84 2009
=245  03$aEl nuevo escenario laboral latinoamericano :$bregulación, protección y políticas activas en los mercados de trabajo /$cJürgen Weller, editor.
=260  \\$aBuenos Aires :$bSiglo Veintiuno Editores :$bCEPAL,$cc2009.
=300  \\$a318 p. :$bill. ;$c23 cm.
=336  \\$atext$2rdacontent
=337  \\$aunmediated$2rdamedia
=338  \\$avolume$2rdacarrier
=504  \\$aIncludes bibliographical references (p. [289]-318).
=650  \0$aManpower policy$zLatin America.
=700  1\$aWeller, Jürgen.
=852  41$aBritish Library$bHMNTS$jYF.2011.a.2300
=856  41$uhttp://core.cambeiro.com.ar/0-156603-0.pdf
=CAT  \\$a11375$b40$c20101011$lBLL01$h1443
=CAT  \\$a11002$b40$c20110117$lBLL01$h0805
=CAT  \\$aBATCH-UPD$b40$c20160624$lBLL01$h2206
=CAT  \\$aW2308-1659$c20230923$lBLL01$h1101
=FIN  \\$aY$d20110117
=FMT  \\$a  BK
=LAS  \\$aW2308-1659$b00$c20230923$lBLL01$h1101
=SID  \\$aZ39$bLOC

