=LDR  01490cam a22004214a 4500
=001  015667500
=003  Uk
=005  20101118134723.0
=008  100629s2010\\\\ag\ab\\\\b\\\\000\0\spa\d
=010  \\$a2010423472
=020  \\$a9789507867859
=035  \\$a(AR-BaFGC)0-157730/0
=040  \\$aAR-BaFGC$cAR-BaFGC$dDLC$dUk
=042  \\$aukblderived
=043  \\$as-ag---
=050  00$aF2821.3.E84$bM37 2010
=100  1\$aMartínez Sarasola, Carlos.
=245  10$aDe manera sagrada y en celebración :$bidentidad, cosmovisión y espiritualidad en los pueblos indígenas /$cCarlos Martínez Sarasola.
=260  \\$aBuenos Aires :$bEditorial Biblos,$cc2010.
=300  \\$a359 p. :$bill., maps ;$c23 cm.
=336  \\$atext$2rdacontent
=337  \\$aunmediated$2rdamedia
=338  \\$avolume$2rdacarrier
=490  0\$aDesde América
=504  \\$aIncludes bibliographical references (p. 337-359).
=650  \0$aIndians of South America$zArgentina$xEthnic identity.
=650  \0$aIndian cosmology$zArgentina.
=852  41$aBritish Library$bHMNTS$jYF.2010.a.30573
=856  41$uhttp://core.cambeiro.com.ar/0-157730-0.pdf
=CAT  \\$a11375$b40$c20101011$lBLL01$h1546
=CAT  \\$a11002$b40$c20101118$lBLL01$h1347
=CAT  \\$aBATCH$b00$c20101119$lBLL01$h0819
=CAT  \\$aBATCH-UPD$b00$c20140320$lBLL01$h2052
=CAT  \\$aW2308-1659$c20230923$lBLL01$h1101
=FIN  \\$aY$d20101118
=FMT  \\$a  BK
=LAS  \\$aW2308-1659$b00$c20230923$lBLL01$h1101
=SID  \\$aZ39$bLOC

