=LDR  01565cam a22004094a 4500
=001  015667510
=003  Uk
=005  20110117090219.0
=008  100527s2010\\\\ag\\\\\\\b\\\f000\0\spa\d
=010  \\$a2010423293
=020  \\$a9789872535636
=035  \\$a(AR-BaFGC)0-158294/0
=040  \\$aAR-BaFGC$cAR-BaFGC$dDLC$dUk
=042  \\$aukblderived
=043  \\$as-ag---
=050  00$aF2848$b.C586 2010
=245  03$aLa construcción de la Nación Argentina, el rol de las Fuerzas Armadas :$bdebates históricos en el marco del Bicentenario, 1810-2010 /$c[coordinador, Oscar Moreno ; Ansaldi, Waldo ... et al. ; prólogo, Nilda Garré].
=260  \\$aRepública Argentina :$bMinisterio de Defensa, Presidencia de la Nación,$cc2010.
=300  \\$a501 p. ;$c21 cm.
=336  \\$atext$2rdacontent
=337  \\$aunmediated$2rdamedia
=338  \\$avolume$2rdacarrier
=504  \\$aIncludes bibliographical references.
=650  \0$aCivic-military relations$zArgentina$xHistory.
=651  \0$aArgentina$xPolitics and government$y1810-
=651  \0$aArgentina$xArmed Forces$xPolitical activity$xHistory.
=651  \0$aArgentina$xMilitary policy$xHistory.
=700  1\$aMoreno, Oscar.
=852  41$aBritish Library$bHMNTS$jYF.2011.a.2523
=856  41$uhttp://core.cambeiro.com.ar/0-158294-0.pdf
=CAT  \\$a11375$b40$c20101011$lBLL01$h1558
=CAT  \\$a11002$b40$c20110117$lBLL01$h0902
=CAT  \\$aW2308-1659$c20230923$lBLL01$h1101
=FIN  \\$aY$d20110117
=FMT  \\$a  BK
=LAS  \\$aW2308-1659$b00$c20230923$lBLL01$h1101
=SID  \\$aZ39$bLOC

