=LDR  01387cam a22004214a 4500
=001  015667516
=003  Uk
=005  20110104105205.0
=008  100420s2010\\\\ag\ab\\\\b\\\\000\0\spa\d
=010  \\$a2010423135
=020  \\$a9789879028728
=035  \\$a(AR-BaFGC)0-157558/0
=040  \\$aAR-BaFGC$cAR-BaFGC$dDLC$dUk
=041  0\$aspa$hfin
=042  \\$aukblderived
=043  \\$ae-fi---$as-uy---
=050  00$aHD9769.W53$bF56 2010
=100  1\$aPakkasvirta, Jussi.
=245  10$aFábricas de celulosa :$bhistorias de la globalización /$cJussi Pakkasvirta.
=260  \\$aBuenos Aires :$bEditorial La Colmena,$cc2010.
=300  \\$a195 p. :$bill., maps ;$c23 cm.
=336  \\$atext$2rdacontent
=337  \\$aunmediated$2rdamedia
=338  \\$avolume$2rdacarrier
=504  \\$aIncludes bibliographical references (p. [179]-192).
=610  20$aBotnia (Firm)
=650  \0$aWood-pulp industry$zFinland.
=650  \0$aGlobalization.
=650  \0$aPulp mills$xEnvironmental aspects$zUruguay$zFray Bentos.
=852  41$aBritish Library$bHMNTS$jYF.2011.a.241
=856  41$uhttp://core.cambeiro.com.ar/0-157558-0.pdf
=CAT  \\$a11375$b40$c20101011$lBLL01$h1602
=CAT  \\$a8440$b40$c20110104$lBLL01$h1052
=CAT  \\$aW2308-1659$c20230923$lBLL01$h1101
=FIN  \\$aY$d20110104
=FMT  \\$a  BK
=LAS  \\$aW2308-1659$b00$c20230923$lBLL01$h1101
=SID  \\$aZ39$bLOC

