=LDR  01280cam a22003974a 4500
=001  015667686
=003  Uk
=005  20110104095126.0
=008  100329s2009\\\\ag\a\\\\\b\\\\000\0\spa\d
=010  \\$a2010423051
=020  \\$a9789872380663
=035  \\$a(AR-BaFGC)0-156947/1
=040  \\$aAR-BaFGC$cAR-BaFGC$dDLC$dUk
=042  \\$aukblderived
=050  00$aPQ7797.A66$b.Z656 2009
=100  1\$aFontana, Patricio,$d1975-
=245  10$aArlt va al cine /$cPatricio Fontana.
=250  \\$a1. ed.
=260  \\$aBuenos Aires: :$bLibraria,$cc2009.
=300  \\$a142 p. :$bill. ;$c23 cm.
=336  \\$atext$2rdacontent
=337  \\$aunmediated$2rdamedia
=338  \\$avolume$2rdacarrier
=490  0\$aColección Los escritores van al cielo
=504  \\$aIncludes bibliographical references.
=600  10$aArlt, Roberto,$d1900-1942$xKnowledge$xMotion pictures.
=650  \0$aMotion pictures in literature.
=852  41$aBritish Library$bHMNTS$jYF.2011.a.198
=856  41$uhttp://core.cambeiro.com.ar/0-156947-1.pdf
=CAT  \\$a11375$b40$c20101012$lBLL01$h0854
=CAT  \\$a8440$b40$c20110104$lBLL01$h0951
=CAT  \\$aW2308-1659$c20230923$lBLL01$h1101
=FIN  \\$aY$d20110104
=FMT  \\$a  BK
=LAS  \\$aW2308-1659$b00$c20230923$lBLL01$h1101
=SID  \\$aZ39$bLOC

