=LDR  01457cam a22004214a 4500
=001  015670097
=003  Uk
=005  20110117085855.0
=008  100426s2010\\\\ag\a\\\\\b\\\\000\0\spa\d
=010  \\$a2010423138
=020  \\$a9789871677047
=035  \\$a(AR-BaFGC)0-157591/0
=040  \\$aAR-BaFGC$cAR-BaFGC$dDLC$dUk
=042  \\$aukblderived
=043  \\$as-ag---
=050  00$aHD8266$b.D53 2010
=100  1\$aDíaz, Claudio.
=245  13$aEl movimiento obrero argentino :$bhistoria de lucha de los trabajadores y la CGT /$c[Claudio Díaz].
=260  \\$a[Argentina] :$bEdiciones Fabro,$c2010.
=300  \\$a509 p. :$bill. ;$c22 cm.
=336  \\$atext$2rdacontent
=337  \\$aunmediated$2rdamedia
=338  \\$avolume$2rdacarrier
=504  \\$aIncludes bibliographical references (p. 507-509).
=610  20$aConfederación General del Trabajo (Argentina)$xHistory.
=650  \0$aLabor movement$zArgentina$xHistory.
=650  \0$aWorking class$zArgentina$xHistory.
=650  \0$aLabor unions$zArgentina$xHistory.
=852  41$aBritish Library$bHMNTS$jYF.2011.a.2290
=856  41$uhttp://core.cambeiro.com.ar/0-157591-0.pdf
=CAT  \\$a11375$b40$c20101013$lBLL01$h0906
=CAT  \\$aBATCH-UPD$b40$c20101220$lBLL01$h2033
=CAT  \\$a11002$b40$c20110117$lBLL01$h0858
=CAT  \\$aW2308-1659$c20230923$lBLL01$h1101
=FIN  \\$aY$d20110117
=FMT  \\$a  BK
=LAS  \\$aW2308-1659$b00$c20230923$lBLL01$h1101
=SID  \\$aZ39$bLOC

