=LDR  01519cam a22004094a 4500
=001  015670118
=003  Uk
=005  20110104094842.0
=008  100527s2010\\\\ag\\\\\\\b\\\\000\0dspa\d
=010  \\$a2010423283
=020  \\$a9789871013814
=035  \\$a(AR-BaFGC)0-158284/0
=040  \\$aAR-BaFGC$cAR-BaFGC$dDLC$dUk
=042  \\$aukblderived
=043  \\$as-ag---
=050  00$aF2849$b.P56 2010
=100  1\$aPiñeiro Iñíguez, Carlos.
=245  10$aPerón :$bla construcción de un ideario /$cCarlos Piñeiro Iñíguez.
=260  \\$aC.A.B.A. [i.e. Ciudad Autónoma de Buenos Aires] :$bFATERYH, Federación Argentina de Trabajadores de Edificios de Renta y Horzontal :$bInstituto Di Tella :$bCaras y Caretas :$bSiglo XXI,$c2010.
=300  \\$a802 p. ;$c25 cm.
=336  \\$atext$2rdacontent
=337  \\$aunmediated$2rdamedia
=338  \\$avolume$2rdacarrier
=504  \\$aIncludes bibliographical references (p. [759]-789).
=650  \0$aPeronism.
=650  \0$aPerón, Juan Domingo,$d1895-1974$xPhilosophy.
=651  \0$aArgentina$xPolitics and government$y1943-1955.
=852  41$aBritish Library$bHMNTS$jYF.2011.a.288
=856  41$uhttp://core.cambeiro.com.ar/0-158284-0.pdf
=CAT  \\$a11375$b40$c20101013$lBLL01$h0929
=CAT  \\$a8440$b40$c20110104$lBLL01$h0948
=CAT  \\$aBATCH-UPD$b40$c20141108$lBLL01$h1855
=CAT  \\$aW2308-1659$c20230923$lBLL01$h1101
=FIN  \\$aY$d20110104
=FMT  \\$a  BK
=LAS  \\$aW2308-1659$b00$c20230923$lBLL01$h1101
=SID  \\$aZ39$bLOC

