=LDR  01521cam a22004334a 4500
=001  015670140
=003  Uk
=005  20110112171153.0
=008  100601s2009\\\\ag\\\\\\\bm\\f000\0\spa\d
=010  \\$a2010423297
=020  \\$a9789879350669
=035  \\$a(AR-BaFGC)0-152896/7
=040  \\$aAR-BaFGC$cAR-BaFGC$dDLC$dUk
=042  \\$aukblderived
=043  \\$as-ag---
=050  00$aHQ1154$b.L66 2009
=100  1\$aLópez, Elvira.
=245  13$aEl movimiento feminista :$bprimeros trazos del feminismo en Argentina /$cElvira López ; [prólogo, Verónica Gago].
=260  \\$aCiudad Autónoma de Buenos Aires :$bEdiciones Biblioteca Nacional,$cc2009.
=300  \\$a273 p. ;$c19 cm.
=336  \\$atext$2rdacontent
=337  \\$aunmediated$2rdamedia
=338  \\$avolume$2rdacarrier
=490  0\$aColección Reediciones & antologías ;$v9
=502  \\$aThesis (doctoral)--Universidad de Buenos Aires, 1901.
=504  \\$aIncludes bibliographical references (p. 19).
=650  \0$aFeminism$xHistory.
=650  \0$aFeminism$zArgentina.
=852  41$aBritish Library$bHMNTS$jYF.2011.a.2507
=856  41$uhttp://core.cambeiro.com.ar/0-152896-7.pdf
=CAT  \\$a11375$b40$c20101013$lBLL01$h0951
=CAT  \\$a8440$b40$c20110104$lBLL01$h0945
=CAT  \\$a5512$b40$c20110112$lBLL01$h1711
=CAT  \\$aBATCH-UPD$b40$c20110830$lBLL01$h1022
=CAT  \\$aW2308-1659$c20230923$lBLL01$h1101
=FIN  \\$aY$d20110104
=FMT  \\$a  BK
=LAS  \\$aW2308-1659$b00$c20230923$lBLL01$h1101
=SID  \\$aZ39$bLOC

