=LDR  01547cam a22004214a 4500
=001  015670287
=003  Uk
=005  20110307080552.0
=008  091124s2009\\\\ag\a\\\\\b\\\\100\0\spa\d
=010  \\$a  2009400530
=020  \\$a9789871304448
=035  \\$a(AR-BaFGC)0-121783/9
=040  \\$aAR-BaFGC$cAR-BaFGC$dDLC$dUk
=042  \\$aukblderived
=043  \\$as-ag---
=050  00$aHD474$b.J67 2007
=111  2\$aJornadas Interescuelas--Departamentos de Historia$n(11th :$d2007 :$cTucumán, Argentina)
=245  13$aLa cuestión de la tierra pública en Argentina :$ba 90 años de la obra de Miguel Ángel Cárcano /$cGraciela Blanco, Guillermo Banzato, compiladores.
=260  \\$aRosario, Argentina :$bProhistoria Ediciones,$c2009.
=300  \\$a203 p. :$bill. ;$c23 cm.
=336  \\$atext$2rdacontent
=337  \\$aunmediated$2rdamedia
=338  \\$avolume$2rdacarrier
=490  0\$aColección Actas,$x1668-5369 ;$v10
=504  \\$aIncludes bibliographical references.
=650  \0$aPublic lands$zArgentina$xHistory$vCongresses.
=650  \0$aLand tenure$zArgentina$xHistory$vCongresses.
=700  1\$aBlanco, Graciela.
=700  1\$aBanzato, Guillermo.
=852  41$aBritish Library$bHMNTS$jYF.2011.a.7081
=856  41$uhttp://core.cambeiro.com.ar/0-121783-9.pdf
=CAT  \\$a11375$b40$c20101013$lBLL01$h1312
=CAT  \\$a6162$b40$c20110307$lBLL01$h0805
=CAT  \\$aW2308-1659$c20230923$lBLL01$h1101
=FIN  \\$aY$d20110307
=FMT  \\$a  BK
=LAS  \\$aW2308-1659$b00$c20230923$lBLL01$h1101
=SRC  \\$aBLL02

