=LDR  01542cam a22004334a 4500
=001  015670304
=003  Uk
=005  20110104104420.0
=008  091109s2009\\\\ag\\\\\\\b\\\\000\0\spa\d
=010  \\$a  2009400470
=020  \\$a9789876460934
=035  \\$a(AR-BaFGC)0-155987/0
=040  \\$aAR-BaFGC$cAR-BaFGC$dDLC$dUk
=042  \\$aukblderived
=043  \\$as-ag---
=050  00$aF2936$b.V53 2009
=245  00$aViajeros patagónicos en el siglo XIX /$cEnriqueta Morillas Ventura, compiladora ; [Patricia Aruj ... et al.].
=246  3\$aViajeros patagónicos en el siglo diecinueve
=246  3\$aViajeros patagónicos en el siglo 19
=260  \\$aCórdoba, República Argentina :$bAlción Editora,$cc2009.
=300  \\$a224 p. ;$c21 cm.
=336  \\$atext$2rdacontent
=337  \\$aunmediated$2rdamedia
=338  \\$avolume$2rdacarrier
=504  \\$aIncludes bibliographical references.
=650  \0$aTravelers' writings$xHistory and criticism.
=651  \0$aPatagonia (Argentina and Chile)$xDescription and travel.
=651  \0$aPatagonia (Argentina and Chile)$xIn literature.
=700  1\$aMorillas Ventura, Enriqueta.
=700  1\$aAruj, Patricia.
=852  41$aBritish Library$bHMNTS$jYF.2011.a.239
=856  41$uhttp://core.cambeiro.com.ar/0-155987-0.pdf
=CAT  \\$a11375$b40$c20101013$lBLL01$h1326
=CAT  \\$a8440$b40$c20110104$lBLL01$h1044
=CAT  \\$aW2308-1659$c20230923$lBLL01$h1101
=FIN  \\$aY$d20110104
=FMT  \\$a  BK
=LAS  \\$aW2308-1659$b00$c20230923$lBLL01$h1101
=SRC  \\$aBLL02

