=LDR  01444cam a22004094a 4500
=001  015670339
=003  Uk
=005  20110104093756.0
=008  100428s2009\\\\ag\a\\\\\b\\\\000\0\spa\d
=010  \\$a2010423156
=020  \\$a9789870239048
=035  \\$a(AR-BaFGC)0-157567/0
=040  \\$aAR-BaFGC$cAR-BaFGC$dDLC$dUk
=042  \\$aukblderived
=043  \\$as-ag---
=050  00$aHD8039.T62$bA711 2009
=100  1\$aAgüero, Juan Omar.
=245  13$aLa cuestión social en Argentina :$blos tabacaleros de Jujuy y Misiones /$cJuan Omar Agüero.
=260  \\$aBuenos Aires :$bEditorial Dunken,$cc2009.
=300  \\$a283 p. :$bill. ;$c23 cm.
=336  \\$atext$2rdacontent
=337  \\$aunmediated$2rdamedia
=338  \\$avolume$2rdacarrier
=504  \\$aIncludes bibliographical references (p. [271]-283).
=650  \0$aTobacco workers$zArgentina$zJujuy (Province)$xSocial conditions.
=650  \0$aTobacco workers$zArgentina$zMisiones$xSocial conditions.
=650  \0$aTobacco industry$zArgentina$xHistory.
=852  41$aBritish Library$bHMNTS$jYF.2011.a.2811
=856  41$uhttp://core.cambeiro.com.ar/0-157567-0.pdf
=CAT  \\$a11375$b40$c20101013$lBLL01$h1347
=CAT  \\$a8440$b40$c20110104$lBLL01$h0937
=CAT  \\$aBATCH-UPD$b40$c20110127$lBLL01$h2141
=CAT  \\$aW2308-1659$c20230923$lBLL01$h1101
=FIN  \\$aY$d20110104
=FMT  \\$a  BK
=LAS  \\$aW2308-1659$b00$c20230923$lBLL01$h1101
=SID  \\$aZ39$bLOC

