=LDR  01299cam a22004094a 4500
=001  015670357
=003  Uk
=005  20110303135234.0
=008  091020s2009\\\\sp\\\\\\\\\\\\000\0bspa\d
=010  \\$a  2009400440
=020  \\$a9789501524369
=035  \\$a(AR-BaFGC)0-1180/60
=040  \\$aAR-BaFGC$cAR-BaFGC$dDLC$dUk
=042  \\$aukblderived
=043  \\$as-ag---
=050  00$aF2849.22.A45$bC66 2009
=100  1\$aConstenla, Julia.
=245  10$aRaúl Alfonsín :$bbiografía no desautorizada /$cJulia Constenla.
=250  \\$a1ra ed.
=260  \\$aBarcelona ;$aBuenos AIres :$bVergara, Grupo Zeta,$cc2009.
=300  \\$a347 p. ;$c23 cm.
=336  \\$atext$2rdacontent
=337  \\$aunmediated$2rdamedia
=338  \\$avolume$2rdacarrier
=490  0\$aBiografía e historia
=600  10$aAlfonsín, Raúl.
=650  \0$aPresidents$zArgentina$vBiography.
=651  \0$aArgentina$xPolitics and government$y1955-
=852  41$aBritish Library$bHMNTS$jYF.2011.a.6094
=856  41$uhttp://core.cambeiro.com.ar/0-1180-60.pdf
=CAT  \\$a11375$b40$c20101013$lBLL01$h1357
=CAT  \\$a6162$b40$c20110303$lBLL01$h1352
=CAT  \\$aW2308-1659$c20230923$lBLL01$h1101
=FIN  \\$aY$d20110303
=FMT  \\$a  BK
=LAS  \\$aW2308-1659$b00$c20230923$lBLL01$h1101
=SRC  \\$aBLL02

