=LDR  01471cam a22003854a 4500
=001  015703758
=003  Uk
=005  20110304113015.0
=008  091028s2009\\\\ag\\\\\\\b\\\\000\0\spa\d
=010  \\$a  2009400481
=020  \\$a9789875743212
=035  \\$a(AR-BaFGC)0-155961/0
=040  \\$aAR-BaFGC$cAR-BaFGC$dDLC$dUk
=042  \\$aukblderived
=043  \\$as-ag---
=050  00$aHD5660.A7$bW93 2009
=100  1\$aWyczykier, Gabriela,$d1972-
=245  10$aDe la dependencia a la autogestión laboral :$bsobre la reconstrucción de experiencias colectivas de trabajo en la Argentina contemporánea /$cGabriela Wyczykier.
=260  \\$aLos Polvorines, Prov. de Buenos Aires [Argentina] :$bUniversidad Nacional de General Sarmiento ;$aCiudad de Buenos Aires :$bPrometeo Libros,$cc2009.
=300  \\$a334 p. ;$c22 cm.
=336  \\$atext$2rdacontent
=337  \\$aunmediated$2rdamedia
=338  \\$avolume$2rdacarrier
=504  \\$aIncludes bibliographical references (p. 323-334).
=650  \0$aEmployee ownership$zArgentina$xHistory.
=650  \0$aEmployee ownership$zArgentina$vCase studies.
=852  41$aBritish Library$bHMNTS$jYF.2011.a.6100
=856  41$uhttp://core.cambeiro.com.ar/0-155961-0.pdf
=CAT  \\$a8229$b40$c20101126$lBLL01$h1054
=CAT  \\$a6162$b40$c20110304$lBLL01$h1130
=CAT  \\$aW2308-1659$c20230923$lBLL01$h1103
=FIN  \\$aY$d20110304
=FMT  \\$a  BK
=LAS  \\$aW2308-1659$b00$c20230923$lBLL01$h1103
=SRC  \\$aBLL02

