=LDR  01596cam a2200433 a 4500
=001  015708741
=003  Uk
=005  20110921170955.0
=008  110221s2009\\\\ag\\\\\\\b\\\\000\0\spa\d
=010  \\$a  2010504440
=020  \\$a9789871326365 (pbk.)
=035  \\$a(AR-BaFGC)0-144026/3
=040  \\$aAR-BaFGC$beng$cAR-BaFGC$dDLC$dUk
=042  \\$aukblsr
=043  \\$as-ag---
=050  00$aJL202.S8$bH473 2009
=100  1\$aHerrero, Fabián.
=245  10$aFederalistas de Buenos Aires, 1810-1820 :$bsobre los orígenes de la política revolucionaria /$cFabián Herrero.
=260  \\$aRemedios de Escalada :$bEdiciones de la UNLa,$c[2009?]
=300  \\$a292 p. ;$c22 cm.
=336  \\$atext$2rdacontent
=337  \\$aunmediated$2rdamedia
=338  \\$avolume$2rdacarrier
=490  0\$aColección Humanidades y artes. Serie Historia
=504  \\$aIncludes bibliographical references.
=650  \0$aFederal government$zArgentina$xHistory$y19th century.
=651  \0$aBuenos Aires (Argentina)$xPolitics and government$y19th century.
=651  \0$aArgentina$xPolitics and government$y1810-1817.
=651  \0$aArgentina$xPolitics and government$y1817-1860.
=852  41$aBritish Library$bHMNTS$jYF.2011.a.20718
=856  41$uhttp://core.cambeiro.com.ar/0-144026-3.pdf
=CAT  \\$a8157$b40$c20101203$lBLL01$h1537
=CAT  \\$a11342$b40$c20110921$lBLL01$h1709
=CAT  \\$aBATCH-UPD$b40$c20171220$lBLL01$h1555
=CAT  \\$aBATCH-UPD$b40$c20220226$lBLL01$h1742
=FIN  \\$aY$d20110921
=FMT  \\$a  BK
=LAS  \\$aBATCH-UPD$b40$c20220226$lBLL01$h1742
=SID  \\$aZ39$bLOC

