=LDR  01369cam a22003974a 4500
=001  015718115
=003  Uk
=005  20110303143257.0
=008  101013s2010\\\\ag\af\\\\\\\\\000\0\spa\d
=010  \\$a2010504080
=020  \\$a9789872530167
=035  \\$a(AR-BaFGC)0-160218/0
=040  \\$aAR-BaFGC$cAR-BaFGC$dDLC$dUk
=042  \\$aukblderived
=050  00$aF2516$b.B4 2010
=100  1\$aBioy Casares, Adolfo.
=245  10$aUnos días en el Brasil :$bdiario de viaje /$cAdolfo Bioy Casares ; [fotografías de Adolfo Bioy Casares ; posfacio de Michel Lafon].
=260  \\$aBuenos Aires :$bLa Compañía,$cc2010.
=300  \\$a82 p. , [8]p. of plates :$bill. ;$c19 cm.
=336  \\$atext$2rdacontent
=337  \\$aunmediated$2rdamedia
=338  \\$avolume$2rdacarrier
=500  \\$aOn spine: 13.
=600  10$aBioy Casares, Adolfo$xTravel$zBrazil.
=651  \0$aBrazil$xDescription and travel.
=852  41$aBritish Library$bHMNTS$jYF.2011.a.6096
=856  41$uhttp://core.cambeiro.com.ar/0-160218-0.pdf
=CAT  \\$a8301$b40$c20101216$lBLL01$h1440
=CAT  \\$a6162$b40$c20110303$lBLL01$h1425
=CAT  \\$a6162$b40$c20110303$lBLL01$h1428
=CAT  \\$a6162$b40$c20110303$lBLL01$h1432
=CAT  \\$aW2308-1659$c20230923$lBLL01$h1104
=FIN  \\$aY$d20110303
=FMT  \\$a  BK
=LAS  \\$aW2308-1659$b00$c20230923$lBLL01$h1104
=SID  \\$aZ39$bLOC

