=LDR  01353cam a22003974a 4500
=001  015718135
=003  Uk
=005  20111011105819.0
=008  100810s2010\\\\ag\\\\\\\b\\\\000\0\spa\d
=010  \\$a2010423760
=020  \\$a9789872548315
=035  \\$a(AR-BaFGC)0-157291/2
=040  \\$aAR-BaFGC$cAR-BaFGC$dDLC$dUk
=042  \\$aukblderived
=050  00$aPN37$b.J52 2010
=100  1\$aJitrik, Noé,$d1928-
=245  10$aVerde es toda teoría :$bliteratura, semiótica, psicoanálisis, lingüística. /$cNoé Jitrik ; edición y prólogo de Roberto Ferro.
=250  \\$a1a ed.
=260  \\$a[Avellaneda, Provincia de Buenos Aires, Argentina] :$bLiber Editores,$c2010.
=300  \\$a247 p. ;$c20 cm.
=336  \\$atext$2rdacontent
=337  \\$aunmediated$2rdamedia
=338  \\$avolume$2rdacarrier
=490  0\$aColección Crítica y teoría
=504  \\$aIncludes bibliographical references.
=650  \0$aLiterature$xPhilosophy.
=650  \0$aSemiotics.
=852  41$aBritish Library$bHMNTS$jYF.2011.a.22090
=856  41$uhttp://core.cambeiro.com.ar/0-157291-2.pdf
=CAT  \\$a8301$b40$c20101216$lBLL01$h1454
=CAT  \\$a11131$b40$c20111011$lBLL01$h1058
=CAT  \\$aW2308-1659$c20230923$lBLL01$h1104
=FIN  \\$aY$d20111011
=FMT  \\$a  BK
=LAS  \\$aW2308-1659$b00$c20230923$lBLL01$h1104
=SID  \\$aZ39$bLOC

