=LDR  01484 am a2200445 a 4500
=001  015718218
=003  Uk
=005  20110408183920.0
=008  110121s2010\\\\ag\a\\\\\b\\\\000\0bspa\d
=010  \\$a  2010504382
=020  \\$a9789500432917 (pbk.)
=035  \\$a(AR-BaFGC)0-2646/43
=040  \\$aAR-BaFGC$beng$cAR-BaFGC$dDLC$dUk
=042  \\$aukblsr
=043  \\$as-ag---
=050  00$aHQ75.8.J38$bB45 2010
=100  1\$aBellucci, Mabel.
=245  10$aOrgullo /$cMabel Bellucci.
=246  13$aCarlos Jáuregui, una biografía política
=250  \\$a1a ed.
=260  \\$aBuenos Aires :$bEmecé,$c2010.
=300  \\$a218 p., [8] p. of leaves :$bill. ;$c23 cm.
=336  \\$atext$2rdacontent
=337  \\$aunmediated$2rdamedia
=338  \\$avolume$2rdacarrier
=490  1\$aBiografías y memorias
=504  \\$aIncludes bibliographical references (p. 219-220).
=600  10$aJáuregui, Carlos Luis.
=650  \0$aGay activists$zArgentina$vBiography.
=650  \0$aGay liberation movement$zArgentina$xHistory$y20th century.
=830  \0$aBiografías y memorias (Buenos Aires, Argentina)
=852  41$aBritish Library$bHMNTS$jYF.2011.a.8656
=856  41$uhttp://core.cambeiro.com.ar/0-2646-43.pdf
=CAT  \\$a8301$b40$c20101216$lBLL01$h1602
=CAT  \\$a11342$b40$c20110408$lBLL01$h1839
=CAT  \\$aBATCH-UPD$b40$c20171006$lBLL01$h2036
=FIN  \\$aY$d20110408
=FMT  \\$a  BK
=LAS  \\$aBATCH-UPD$b40$c20171006$lBLL01$h2036
=SID  \\$aZ39$bLOC

