=LDR  01324cam a22003974a 4500
=001  015718244
=003  Uk
=005  20110420173948.0
=008  100311s2009\\\\ag\\\\\\\b\\\\000\0\spa\d
=010  \\$a  2010423036
=020  \\$a9789872371036 (pbk.)
=035  \\$a(AR-BaFGC)0-155840/0
=040  \\$aAR-BaFGC$beng$cAR-BaFGC$dDLC$dUk
=042  \\$aukblsr
=050  00$aPQ7798.16.O43$bZ92 2009
=100  1\$aVázquez, Karina Elizabeth.
=245  10$aFogwill, realismo y mala conciencia /$cKarina Elizabeth Vázquez.
=250  \\$a1. ed.
=260  \\$a[Buenos Aires] :$bEdiciones Circeto,$c2009.
=300  \\$a93 p. ;$c20 cm.
=336  \\$atext$2rdacontent
=337  \\$aunmediated$2rdamedia
=338  \\$avolume$2rdacarrier
=504  \\$aIncludes bibliographical references (p. 91-93).
=600  10$aFogwill, Rodolfo Enrique$xCriticism and interpretation.
=650  \0$aRealism in literature.
=852  41$aBritish Library$bHMNTS$jYF.2011.a.9586
=856  41$uhttp://core.cambeiro.com.ar/0-155840-0.pdf
=CAT  \\$a8229$b40$c20101216$lBLL01$h1612
=CAT  \\$aBATCH-UPD$b40$c20101216$lBLL01$h1613
=CAT  \\$a6066$b40$c20110420$lBLL01$h1739
=CAT  \\$aW2308-1659$c20230923$lBLL01$h1104
=FIN  \\$aY$d20110420
=FMT  \\$a  BK
=LAS  \\$aW2308-1659$b00$c20230923$lBLL01$h1104
=SID  \\$aZ39$bLOC

