=LDR  01690cam a22004694a 4500
=001  015718430
=003  Uk
=005  20110607142015.0
=008  101202m20109999ag\\\\\\\bd\\\000\0\spa\c
=020  \\$a9789872488574 (t. 1 : pbk.)
=020  \\$a9872488576 (t. 1 : pbk.)
=035  \\$a(AR-BaFGC)0-133105/7
=035  \\$a(OCoLC)688605178
=040  \\$aFUG$beng$cFUG$dCGU$dPL#$dI5B$dIQU$dUk
=042  \\$aukblsr
=043  \\$as-ag---
=050  00$aPQ7606$b.D53 2010
=245  00$aDiccionario razonado de la literatura y la crítica argentinas (siglo XX) /$c[cuyos directores son Rocco Carbone y Marcela Croce ; con la colaboración especial de Jorge Boccanera ... et al.].
=250  \\$a1. ed.
=260  \\$aBuenos Aires :$bEl 8vo. Loco Ediciones,$cc2010-
=300  \\$av. ;$c23 cm.
=336  \\$atext$2rdacontent
=337  \\$aunmediated$2rdamedia
=338  \\$avolume$2rdacarrier
=490  0\$aColección Pingüe patrimonio
=504  \\$aIncludes bibliographical references.
=505  1\$at. 1. A-G.
=650  \0$aArgentine literature$y20th century$vDictionaries$xSpanish.
=650  \0$aArgentine literature$y20th century$xHistory and criticism$vDictionaries$xSpanish.
=700  1\$aCarbone, Rocco,$d1975-
=700  1\$aCroce, Marcela.
=700  1\$aBoccanera, Jorge A.
=852  41$aBritish Library$bHMNTS$jYF.2011.a.13072
=856  41$uhttp://core.cambeiro.com.ar/0-133105-7.pdf
=CAT  \\$a8301$b40$c20101217$lBLL01$h0904
=CAT  \\$a5521$b40$c20110607$lBLL01$h1420
=CAT  \\$aW2308-1659$c20230923$lBLL01$h1104
=FIN  \\$aY$d20110607
=FMT  \\$a  BK
=LAS  \\$aW2308-1659$b00$c20230923$lBLL01$h1104
=SID  \\$aZ39$bLOC
=SID  \\$aZ39$bOCLC

