=LDR  01712cam a22004814a 4500
=001  015718444
=003  Uk
=005  20110616193747.0
=008  100609s2009\\\\ag\ab\\\\b\\\\000\0\spa\d
=010  \\$a2010423353
=020  \\$a9789872518509 (pbk.)
=035  \\$a(AR-BaFGC)0-158350/0
=040  \\$aAR-BaFGC$beng$cAR-BaFGC$dDLC$dUk
=042  \\$aukblsr
=043  \\$as-ag---
=050  00$aNX531.Z9$bG33 2009
=245  00$aGAC :$bpensamiento, prácticas, acciones /$c[formamos el GAC y escribimos este libro, Lorena Fabrizia Bossi ... et al.].
=246  30$aPensamiento, prácticas, acciones
=260  \\$a[Buenos Aires] :$bTinta Limón Ediciones,$c[2009]
=300  \\$a343 p. :$bill., maps ;$c21 cm.
=336  \\$atext$2rdacontent
=337  \\$aunmediated$2rdamedia
=338  \\$avolume$2rdacarrier
=490  0\$aColección Pensar en movimiento
=500  \\$aTitle from cover.
=504  \\$aIncludes bibliographical references.
=610  20$aGrupo de Arte Callejero (Argentina)
=650  \0$aPerformance art$xPolitical aspects$zArgentina.
=650  \0$aGraphic arts$xPolitical aspects$zArgentina.
=650  \0$aHuman rights in art.
=700  1\$aBossi, Lorena Fabrizia.
=710  2\$aGrupo de Arte Callejero (Argentina)
=852  41$aBritish Library$bHMNTS$jYF.2011.a.13760
=856  41$uhttp://core.cambeiro.com.ar/0-158350-0.pdf
=CAT  \\$a8301$b40$c20101217$lBLL01$h0914
=CAT  \\$a11131$b40$c20110405$lBLL01$h1131
=CAT  \\$a5521$b40$c20110608$lBLL01$h1414
=CAT  \\$a11342$b40$c20110616$lBLL01$h1937
=CAT  \\$aW2308-1659$c20230923$lBLL01$h1104
=FIN  \\$aY$d20110608
=FMT  \\$a  BK
=LAS  \\$aW2308-1659$b00$c20230923$lBLL01$h1104
=SID  \\$aZ39$bLOC

