=LDR  01548cam a22004334a 4500
=001  015719254
=003  Uk
=005  20110307075901.0
=008  100318s2010\\\\ag\a\\\\\b\\\\000\0dspa\d
=010  \\$a2010423083
=020  \\$a9789500731775
=035  \\$a(AR-BaFGC)0-147099/18
=040  \\$aAR-BaFGC$cAR-BaFGC$dDLC$dUk
=042  \\$aukblderived
=043  \\$as------
=050  00$aF2235.4$b.B734 2010
=100  1\$aBragoni, Beatriz,$d1962-
=245  10$aSan Martín :$bde soldado del rey a héroe de la nación /$cBeatriz Bragoni.
=260  \\$aBuenos Aires :$bEditorial Sudamericana,$cc2010.
=300  \\$a204 p. :$bill. ;$c23 cm.
=336  \\$atext$2rdacontent
=337  \\$aunmediated$2rdamedia
=338  \\$avolume$2rdacarrier
=490  0\$aNudos de la historia argentina
=504  \\$aIncludes bibliographical references (p. 189-198).
=600  10$aSan Martín, José de,$d1778-1850$xMilitary leadership.
=651  \0$aSouth America$xHistory$yWars of Independence, 1806-1830$xCampaigns.
=852  41$aBritish Library$bHMNTS$jYF.2011.a.6118
=856  41$uhttp://core.cambeiro.com.ar/0-147099-18.pdf
=985  \\$aCorrected by BSS-generated file for WR# 12/016
=CAT  \\$a8229$b40$c20101220$lBLL01$h1321
=CAT  \\$a6162$b40$c20110307$lBLL01$h0759
=CAT  \\$aBLSS-CORR$b00$c20120215$lBLL01$h1618
=CAT  \\$aBATCH-UPD$b00$c20140301$lBLL01$h0103
=CAT  \\$aW2308-1659$c20230923$lBLL01$h1104
=FIN  \\$aY$d20110307
=FMT  \\$a  BK
=LAS  \\$aW2308-1659$b00$c20230923$lBLL01$h1104
=SID  \\$aZ39$bLOC

