=LDR  01587cam a22004334a 4500
=001  015719260
=003  Uk
=005  20110303164938.0
=008  100528s2010\\\\ag\\\\\\\b\\\\000\0\spa\d
=010  \\$a2010423292
=020  \\$a9789876461405
=035  \\$a(AR-BaFGC)0-158320/0
=040  \\$aAR-BaFGC$cAR-BaFGC$dDLC$dUk
=042  \\$aukblderived
=043  \\$acl-----
=050  00$aHX110.5.A6$bF47 2010
=100  1\$aFerrero, Roberto A.
=245  10$aEnajenación y nacionalización del socialismo latinoamericano :$bhistoria y crítica /$cRoberto A. Ferrero.
=260  \\$aCórdoba, República Argentina :$bAlción Editora,$cc2010.
=300  \\$a488 p. ;$c21 cm.
=336  \\$atext$2rdacontent
=337  \\$aunmediated$2rdamedia
=338  \\$avolume$2rdacarrier
=504  \\$aIncludes bibliographical references.
=650  \0$aCommunism$zLatin America$xHistory$y19th century.
=650  \0$aCommunism$zLatin America$xHistory$y20th century.
=650  \0$aSocialism$zLatin America$xHistory$y19th century.
=650  \0$aSocialism$zLatin America$xHistory$y20th century.
=650  \0$aNationalism$zLatin America$xHistory$y19th century.
=650  \0$aNationalism$zLatin America$xHistory$x20th century.
=852  41$aBritish Library$bHMNTS$jYF.2011.a.7029
=856  41$uhttp://core.cambeiro.com.ar/0-158320-0.pdf
=CAT  \\$a8229$b40$c20101220$lBLL01$h1326
=CAT  \\$a6162$b40$c20110303$lBLL01$h1649
=CAT  \\$aW2308-1659$c20230923$lBLL01$h1104
=FIN  \\$aY$d20110303
=FMT  \\$a  BK
=LAS  \\$aW2308-1659$b00$c20230923$lBLL01$h1104
=SID  \\$aZ39$bLOC

