=LDR  01577cam a2200445 a 4500
=001  015719296
=003  Uk
=005  20120112162435.0
=008  100603s2010\\\\ag\a\\\\\b\\\\000\0\spa\d
=020  \\$a9789500731584
=020  \\$a9500731584
=035  \\$a(OCoLC)654782140
=040  \\$aAR-BaFGC$cN15$dPL#$dI5B$dEMU$dUk
=042  \\$aukblderived
=043  \\$as-ag---
=050  \4$aJC599.A7$bJ46 2010
=100  10$aJensen, Silvina.
=245  14$aLos exiliados :$bla lucha por los derechos humanos durante la dictadura militar /$cSilvina Jensen.
=260  \\$aBuenos Aires :$bEditorial Sudamericana,$cc2010.
=300  \\$a210 p. :$bill. ;$c23 cm.
=336  \\$atext$2rdacontent
=337  \\$aunmediated$2rdamedia
=338  \\$avolume$2rdacarrier
=490  1\$aNudos de la historia argentina
=504  \\$aIncludes bibliographical references (p. 203-210).
=610  20$aInter-American Commission on Human Rights.
=650  \0$aHuman rights$zArgentina$xHistory$y20th century.
=650  \0$aExiles$zArgentina$xHistory$y20th century.
=651  \0$aArgentina$xPolitics and government$y1955-1983.
=830  \0$aNudos de la historia argentina.
=852  41$aBritish Library$bHMNTS$jYF.2012.a.1108
=856  41$uhttp://core.cambeiro.com.ar/0-147099-19.pdf
=CAT  \\$a8229$b40$c20101220$lBLL01$h1351
=CAT  \\$a5512$b40$c20120112$lBLL01$h1624
=CAT  \\$aBATCH-UPD$b40$c20141211$lBLL01$h0540
=CAT  \\$aW2308-1659$c20230923$lBLL01$h1104
=FIN  \\$aY$d20120112
=FMT  \\$a  BK
=LAS  \\$aW2308-1659$b00$c20230923$lBLL01$h1104
=SID  \\$aZ39$bOCLC

