=LDR  01482cam a22004094a 4500
=001  015719367
=003  Uk
=005  20110307084452.0
=008  100629s2010\\\\ag\af\\\\b\\\\000\0\spa\d
=010  \\$a2010423469
=020  \\$a9789871231560
=035  \\$a(AR-BaFGC)0-145088/2
=040  \\$aAR-BaFGC$cAR-BaFGC$dDLC$dUk
=042  \\$aukblderived
=043  \\$as-ag---
=050  00$aF2822$b.V35 2010
=100  1\$aValko, Marcelo.
=245  10$aPedagogía de la desmemoria :$bcrónicas y estrategias del genocidio invisible /$cMarcelo Valko ; [prólogo, Osvaldo Bayer].
=260  \\$aCiudad Autónoma de Buenos Aires :$bEdiciones Madres de Plaza de Mayo,$c[2010]
=300  \\$a413 p. , [16]p. of plates :$bill. ;$c22 cm.
=336  \\$atext$2rdacontent
=337  \\$aunmediated$2rdamedia
=338  \\$avolume$2rdacarrier
=490  0\$aColección Osvaldo Bayer
=504  \\$aIncludes bibliographical references (p. 401-411).
=650  \0$aIndians of South America$xWars$zArgentina.
=650  \0$aIndians of South America$zArgentina$xGovernment relations.
=651  \0$aArgentina$xHistory$y1860-1910.
=852  41$aBritish Library$bHMNTS$jYF.2011.a.5948
=856  41$uhttp://core.cambeiro.com.ar/0-145088-2.pdf
=CAT  \\$a8229$b40$c20101220$lBLL01$h1451
=CAT  \\$a6162$b40$c20110307$lBLL01$h0844
=CAT  \\$aW2308-1659$c20230923$lBLL01$h1104
=FIN  \\$aY$d20110307
=FMT  \\$a  BK
=LAS  \\$aW2308-1659$b00$c20230923$lBLL01$h1104
=SID  \\$aZ39$bLOC

