=LDR  01420cam a22004094a 4500
=001  015719857
=003  Uk
=005  20110307085123.0
=008  100607s2010\\\\ag\a\\\\\b\\\\000\0\spa\d
=010  \\$a2010423350
=020  \\$a9789871599110
=035  \\$a(AR-BaFGC)0-158536/0
=040  \\$aAR-BaFGC$cAR-BaFGC$dDLC$dUk
=042  \\$aukblderived
=043  \\$as-ag---
=050  00$aBR1644.5.A7$bA44 2010
=100  1\$aAlgranti, Joaquín.
=245  10$aPolítica y religión en los márgenes :$bnuevas formas de participación social de las mega-iglesias evangélicas en la Argentina /$cJoaquín M. Algranti.
=250  \\$a1. ed.
=260  \\$a[Argentina] :$bEdiciones Ciccus,$c2010.
=300  \\$a355 p. :$bill. ;$c23 cm.
=336  \\$atext$2rdacontent
=337  \\$aunmediated$2rdamedia
=338  \\$avolume$2rdacarrier
=504  \\$aIncludes bibliographical references (p. 325-352).
=650  \0$aPentecostalism$zArgentina.
=650  \0$aChurch and social problems$zArgentina.
=651  \0$aArgentina$xReligious life and customs.
=852  41$aBritish Library$bHMNTS$jYF.2011.a.5943
=856  41$uhttp://core.cambeiro.com.ar/0-158536-0.pdf
=CAT  \\$a8229$b40$c20101221$lBLL01$h1416
=CAT  \\$a6162$b40$c20110307$lBLL01$h0851
=CAT  \\$aW2308-1659$c20230923$lBLL01$h1104
=FIN  \\$aY$d20110307
=FMT  \\$a  BK
=LAS  \\$aW2308-1659$b00$c20230923$lBLL01$h1104
=SID  \\$aZ39$bLOC

