=LDR  01260cam a22003974a 4500
=001  015719870
=003  Uk
=005  20110307081849.0
=008  100809s2010\\\\ag\\\\\\\b\\\\000\0\spa\d
=010  \\$a2010423731
=020  \\$a9789871673179
=035  \\$a(AR-BaFGC)0-153931/23
=040  \\$aAR-BaFGC$cAR-BaFGC$dDLC$dUk
=042  \\$aukblderived
=043  \\$acl-----
=050  00$aPQ7082.N7$bL76 2010
=100  1\$aLudmer, Josefina.
=245  10$aAquí América Latina :$buna especulación /$cJosefina Ludmer.
=250  \\$a1. ed.
=260  \\$aBuenos Aires :$bEterna Cadencia Editora,$c2010.
=300  \\$a215 p. ;$c22 cm.
=336  \\$atext$2rdacontent
=337  \\$aunmediated$2rdamedia
=338  \\$avolume$2rdacarrier
=490  0\$aEx libris
=504  \\$aIncludes bibliographical references.
=650  \0$aSpanish American fiction$y21st century$xHistory and criticism.
=852  41$aBritish Library$bHMNTS$jYF.2011.a.5944
=856  41$uhttp://core.cambeiro.com.ar/0-153931-23.pdf
=CAT  \\$a8301$b40$c20101221$lBLL01$h1422
=CAT  \\$a6162$b40$c20110307$lBLL01$h0818
=CAT  \\$aW2308-1659$c20230923$lBLL01$h1104
=FIN  \\$aY$d20110307
=FMT  \\$a  BK
=LAS  \\$aW2308-1659$b00$c20230923$lBLL01$h1104
=SID  \\$aZ39$bLOC

