=LDR  01062 am a22003614a 4500
=001  015741031
=003  Uk
=005  20110519120521.0
=008  100331s2010\\\\ag\\\\\\\\\\\\000\0\spa\d
=010  \\$a  2010423052
=020  \\$a9789500432214 (pbk.)
=035  \\$a(AR-BaFGC)0-107677/70
=040  \\$aAR-BaFGC$beng$cAR-BaFGC$dDLC$dUk
=042  \\$aukblsr
=050  00$aPN466$b.F67 2010
=100  1\$aForn, Juan.
=245  10$aNingún hombre es una isla /$cJuan Forn.
=250  \\$a1a ed.
=260  \\$aBuenos Aires :$bEmecé,$c2010.
=300  \\$a268 p. ;$c23 cm.
=336  \\$atext$2rdacontent
=337  \\$aunmediated$2rdamedia
=338  \\$avolume$2rdacarrier
=490  0\$aCruz del sur
=650  \0$aAuthors$y20th century$vAnecdotes.
=852  41$aBritish Library$bHMNTS$jYF.2011.a.12710
=856  41$uhttp://core.cambeiro.com.ar/0-107677-70.pdf
=CAT  \\$a5918$b40$c20110127$lBLL01$h0929
=CAT  \\$a6066$b40$c20110519$lBLL01$h1205
=FIN  \\$aY$d20110519
=FMT  \\$a  BK
=LAS  \\$a6066$b40$c20110519$lBLL01$h1205
=SID  \\$aZ39$bLOC

