=LDR  01169 am a22003734a 4500
=001  015741038
=003  Uk
=005  20110330141925.0
=008  100528s2009\\\\ag\a\\\\\\\\\\000\d\spa\d
=010  \\$a2010423288
=020  \\$a9789876580366 (pbk.)
=035  \\$a(AR-BaFGC)0-75261/51
=040  \\$aAR-BaFGC$beng$cAR-BaFGC$dDLC$dUk
=042  \\$aukblsr
=050  00$aPN1997.2.H572$bL55 2009
=100  1\$aLlinás, Mariano,$d1975-
=245  10$aHistorias extraordinarias /$cMariano Llinás.
=260  \\$aBuenos Aires :$bMondadori,$cc2009.
=300  \\$a187 p. :$bill. ;$c23 cm.
=336  \\$atext$2rdacontent
=337  \\$aunmediated$2rdamedia
=338  \\$avolume$2rdacarrier
=490  0\$aLiteratura Mondadori
=500  \\$aScreenplay.
=730  0\$aHistorias extraordinarias (Motion picture)
=852  41$aBritish Library$bHMNTS$jYF.2011.a.7856
=856  41$uhttp://core.cambeiro.com.ar/0-75261-51.pdf
=CAT  \\$a5918$b40$c20110127$lBLL01$h0938
=CAT  \\$aBATCH-UPD$b40$c20110127$lBLL01$h0939
=CAT  \\$a5521$b40$c20110330$lBLL01$h1419
=FIN  \\$aY$d20110330
=FMT  \\$a  BK
=LAS  \\$a5521$b40$c20110330$lBLL01$h1419
=SID  \\$aZ39$bLOC

