=LDR  01205 am a22003614a 4500
=001  015741077
=003  Uk
=005  20110718082309.0
=008  091215s2009\\\\ag\\\\\\\b\\\\000\0\spa\d
=010  \\$a  2009400546
=020  \\$a9789871518241
=035  \\$a(AR-BaFGC)0-152887/5
=040  \\$aAR-BaFGC$cAR-BaFGC$dDLC$dUk
=042  \\$aukblderived
=050  00$aPQ7798.1.G814$bZ78 2009
=100  1\$aMossello, Fabián.
=245  10$aLiteratura, ideología y sociedad en La gesta del marrano de Marcos Aguinis /$cFabián Mossello.
=260  \\$a[Villa María, Córdoba, Argentina]: :$bEduvim,$c[2009]
=300  \\$a210 p. ;$c20 cm.
=336  \\$atext$2rdacontent
=337  \\$aunmediated$2rdamedia
=338  \\$avolume$2rdacarrier
=490  0\$aColección Poliedros
=504  \\$aIncludes bibliographical references (p. 207-210).
=600  10$aAguinis, Marcos.$tGesta del marrano.
=852  41$aBritish Library$bHMNTS$jYF.2011.a.16220
=856  41$uhttp://core.cambeiro.com.ar/0-152887-5.pdf
=CAT  \\$a5918$b40$c20110127$lBLL01$h1045
=CAT  \\$a11002$b40$c20110718$lBLL01$h0823
=FIN  \\$aY$d20110718
=FMT  \\$a  BK
=LAS  \\$a11002$b40$c20110718$lBLL01$h0823
=SRC  \\$aBLL02

