=LDR  01202 am a22003614a 4500
=001  015741082
=003  Uk
=005  20110513072802.0
=008  100113s2009\\\\ag\\\\\\\b\\\\001\0\spa\d
=010  \\$a  2009400600
=020  \\$a9789876461191
=035  \\$a(AR-BaFGC)0-136834/7
=040  \\$aAR-BaFGC$cAR-BaFGC$dDLC$dUk
=042  \\$aukblderived
=050  00$aPQ7797.G536$bZ84 2009
=100  1\$aPacella, Cecilia,$d1971-
=245  13$aEl motivo es el poema :$bpoéticas de la modernidad en Girri /$cCecilia Pacella.
=260  \\$aCórdoba, República Argentina :$bAlción Editora,$cc2009.
=300  \\$a172 p. ;$c21 cm.
=336  \\$atext$2rdacontent
=337  \\$aunmediated$2rdamedia
=338  \\$avolume$2rdacarrier
=490  0\$aColección Gryga ;$v8
=504  \\$aIncludes bibliographical references and index.
=600  10$aGirri, Alberto$xCriticism and interpretation.
=852  41$aBritish Library$bHMNTS$jYF.2011.a.11657
=856  41$uhttp://core.cambeiro.com.ar/0-136834-7.pdf
=CAT  \\$a5918$b40$c20110127$lBLL01$h1047
=CAT  \\$a11131$b40$c20110513$lBLL01$h0728
=FIN  \\$aY$d20110513
=FMT  \\$a  BK
=LAS  \\$a11131$b40$c20110513$lBLL01$h0728
=SRC  \\$aBLL02

