=LDR  01176 am a2200373 a 4500
=001  015741094
=003  Uk
=005  20110419155832.0
=008  101021s2010\\\\ag\\\\\\\b\\\\000\0\spa\d
=010  \\$a2010504088
=020  \\$a9789507316395 (pbk.)
=035  \\$a(AR-BaFGC)0-80357/19
=040  \\$aAR-BaFGC$beng$cAR-BaFGC$dDLC$dUk
=042  \\$aukblsr
=050  00$aPN778$b.C37 2010
=100  1\$aCastillo, Abelardo.
=245  10$aDesconsideraciones /$cAbelardo Castillo.
=260  \\$aBuenos Aires :$bSeix Barral,$cc2010.
=300  \\$a254 p. ;$c23 cm.
=336  \\$atext$2rdacontent
=337  \\$aunmediated$2rdamedia
=338  \\$avolume$2rdacarrier
=490  0\$aLos tres mundos
=504  \\$aIncludes bibliographical references.
=650  \0$aLiterature$y20th century$xHistory and criticism.
=650  \0$aLiterature$y19th century$xHistory and criticism.
=852  41$aBritish Library$bDSC$jm11/.14514
=856  41$uhttp://core.cambeiro.com.ar/0-80357-19.pdf
=CAT  \\$a5918$b40$c20110127$lBLL01$h1100
=CAT  \\$a5521$b40$c20110419$lBLL01$h1558
=FIN  \\$aY$d20110419
=FMT  \\$a  BK
=LAS  \\$a5521$b40$c20110419$lBLL01$h1558
=SID  \\$aZ39$bLOC

