=LDR  01447 am a22004094a 4500
=001  015741121
=003  Uk
=005  20110419155056.0
=008  100603s2010\\\\ag\\\\\\\b\\\\000\0\spa\d
=010  \\$a2010423329
=020  \\$a9789507867798 (pbk.)
=035  \\$a(AR-BaFGC)0-135468/14
=040  \\$aAR-BaFGC$beng$cAR-BaFGC$dDLC$dUk
=042  \\$aukblsr
=050  00$aF2849$b.W334 2010
=100  1\$aFerro, Roberto.
=245  10$aFusilados al amanecer :$bRodolfo Walsh y el crimen de Suárez /$cRoberto Ferro.
=260  \\$aBuenos Aires :$bEditorial Biblos,$cc2010.
=300  \\$a157 p. ;$c23 cm.
=336  \\$atext$2rdacontent
=337  \\$aunmediated$2rdamedia
=338  \\$avolume$2rdacarrier
=490  1\$aTeoría y crítica
=504  \\$aIncludes bibliographical references (p. 157).
=600  10$aWalsh, Rodolfo J.$tOperación masacre.
=650  \0$aPolice$zArgentina$zBuenos Aires (Province)$xHistoriography.
=651  \0$aArgentina$xHistory$yRevolution, 1955$xHistoriography.
=651  \0$aArgentina$xPolitics and government$y1943-1955$xHistoriography.
=830  \0$aTeoría y crítica (Editorial Biblos)
=852  41$aBritish Library$bHMNTS$jYF.2011.a.9434
=856  41$uhttp://core.cambeiro.com.ar/0-135468-14.pdf
=CAT  \\$a5918$b40$c20110127$lBLL01$h1122
=CAT  \\$a5521$b40$c20110419$lBLL01$h1550
=FIN  \\$aY$d20110419
=FMT  \\$a  BK
=LAS  \\$a5521$b40$c20110419$lBLL01$h1550
=SID  \\$aZ39$bLOC

