=LDR  01360 am a22003974a 4500
=001  015741133
=003  Uk
=005  20110415121303.0
=008  100607s2010\\\\ag\\\\\\\b\\\\000\0\spa\d
=010  \\$a2010423349
=020  \\$a9789507867774 (pbk.)
=035  \\$a(AR-BaFGC)0-135468/15
=040  \\$aAR-BaFGC$beng$cAR-BaFGC$dDLC$dUk
=042  \\$aukblsr
=043  \\$acl-----
=050  00$aPQ7082.N7$bM358 2010
=100  1\$aMaturo, Graciela,$d1928-
=245  10$aAmérica, recomienzo de la historia :$bla lectura auroral de la historia en la novela hispanoamericana /$cGraciela Maturo.
=260  \\$aBuenos Aires :$bEditorial Biblos,$cc2010.
=300  \\$a163 p. ;$c23 cm.
=336  \\$atext$2rdacontent
=337  \\$aunmediated$2rdamedia
=338  \\$avolume$2rdacarrier
=490  1\$aTeoría y crítica
=504  \\$aIncludes bibliographical references (p. 155-163).
=650  \0$aSpanish American fiction$xHistory and criticism.
=651  \0$aLatin America$xIn literature.
=830  \0$aTeoría y crítica (Editorial Biblos)
=852  41$aBritish Library$bHMNTS$jYF.2011.a.9269
=856  41$uhttp://core.cambeiro.com.ar/0-135468-15.pdf
=CAT  \\$a5918$b40$c20110127$lBLL01$h1129
=CAT  \\$a5521$b40$c20110415$lBLL01$h1213
=FIN  \\$aY$d20110415
=FMT  \\$a  BK
=LAS  \\$a5521$b40$c20110415$lBLL01$h1213
=SID  \\$aZ39$bLOC

