=LDR  01280 am a22003854a 4500
=001  015741255
=003  Uk
=005  20110513090541.0
=008  100531s2010\\\\ag\\\\\\\b\\\\000\0\spa\d
=010  \\$a2010423299
=020  \\$a9789500204989
=035  \\$a(AR-BaFGC)0-155158/6
=040  \\$aAR-BaFGC$cAR-BaFGC$dDLC$dUk
=042  \\$aukblderived
=043  \\$as-ag---
=050  00$aPN2451$b.S57 2010
=100  1\$aSirvén, Pablo.
=245  10$aBreve historia del espectáculo en la Argentina /$cPablo Sirvén ; [prólogo de Ernesto Schoo].
=250  \\$a1a ed.
=260  \\$aBuenos Aires :$bEditorial El Ateneo,$c2010.
=300  \\$a318 p. ;$c22 cm.
=336  \\$atext$2rdacontent
=337  \\$aunmediated$2rdamedia
=338  \\$avolume$2rdacarrier
=490  0\$aClaves del Bicentenario. Colección Breves historias de la Argentina
=504  \\$aIncludes bibliographical references (p. [309]-318).
=650  \0$aPerforming arts$zArgentina$xHistory.
=852  41$aBritish Library$bHMNTS$jYF.2011.a.11612
=856  41$uhttp://core.cambeiro.com.ar/0-155158-6.pdf
=CAT  \\$a5918$b40$c20110127$lBLL01$h1338
=CAT  \\$a11131$b40$c20110513$lBLL01$h0905
=FIN  \\$aY$d20110513
=FMT  \\$a  BK
=LAS  \\$a11131$b40$c20110513$lBLL01$h0905
=SID  \\$aZ39$bLOC

