=LDR  01433 am a22003974a 4500
=001  015742874
=003  Uk
=005  20110512112855.0
=008  091009s2009\\\\ag\af\\\\b\\\\001\0\spa\d
=010  \\$a  2009400410
=020  \\$a9789500730938 (pbk.)
=035  \\$a(AR-BaFGC)0-109555/39
=040  \\$aAR-BaFGC$beng$cAR-BaFGC$dDLC$dUk
=042  \\$aukblsr
=043  \\$as-ag---
=050  00$aF2849.3$b.B73 2009
=100  1\$aBraslavsky, Guido,$d1970-
=245  10$aEnemigos íntimos :$blos militares y Kirchner : de la purga a los juicios, crónica de una confrontación, 2003-2008 /$cGuido Braslavsky.
=260  \\$aBuenos Aires :$bEditorial Sudamericana,$cc2009.
=300  \\$a367 p., [8]p. of plates :$bcol. ill. ;$c23 cm.
=336  \\$atext$2rdacontent
=337  \\$aunmediated$2rdamedia
=338  \\$avolume$2rdacarrier
=504  \\$aIncludes bibliographical references (p. 353-356) and index.
=600  10$aKirchner, Néstor.
=650  \0$aCivil-military relations$zArgentina$xHistory$y21st century.
=651  \0$aArgentina$xPolitics and government$y2002-
=651  \0$aArgentina$xMilitary policy.
=852  41$aBritish Library$bHMNTS$jYF.2011.a.10954
=856  41$uhttp://core.cambeiro.com.ar/0-109555-39.pdf
=CAT  \\$a11375$b40$c20110201$lBLL01$h1210
=CAT  \\$a5521$b40$c20110512$lBLL01$h1128
=FIN  \\$aY$d20110512
=FMT  \\$a  BK
=LAS  \\$a5521$b40$c20110512$lBLL01$h1128
=SRC  \\$aBLL02

