=LDR  01377 am a2200421 a 4500
=001  015743088
=003  Uk
=005  20110715123720.0
=008  110314s2010\\\\ag\\\\\\\b\\\\000\0dspa\d
=010  \\$a2010504517
=020  \\$a9789500731898 (pbk.)
=020  \\$a9500731894 (pbk.)
=035  \\$a(OCoLC)607989381
=035  \\$a(AR-BaFGC)0-123498/13
=040  \\$aAR-BaFGC$beng$cAR-BaFGC$dDLC$dUk
=042  \\$aukblsr
=043  \\$as-ag---
=050  00$aDD247.H5$bB273 2011
=100  1\$aBasti, Abel,$d1956-
=245  13$aEl exilio de Hitler :$blas pruebas de la fuga del Führer a la Argentina /$cAbel Basti.
=260  \\$aBuenos Aires :$bSudamericana,$c2010$g(2011 printing)
=300  \\$a367 p. ;$c23 cm.
=336  \\$atext$2rdacontent
=337  \\$aunmediated$2rdamedia
=338  \\$avolume$2rdacarrier
=504  \\$aIncludes bibliographical references (p. 359-365).
=600  10$aHitler, Adolf,$d1889-1945$xDeath and burial.
=600  10$aHitler, Adolf,$d1889-1945$xExile$zArgentina.
=650  \0$aNazis$zArgentina.
=852  41$aBritish Library$bHMNTS$jYF.2011.a.15922
=856  41$uhttp://core.cambeiro.com.ar/0-123498-13.pdf
=CAT  \\$a11375$b40$c20110201$lBLL01$h1438
=CAT  \\$a5521$b40$c20110715$lBLL01$h1237
=FIN  \\$aY$d20110715
=FMT  \\$a  BK
=LAS  \\$a5521$b40$c20110715$lBLL01$h1237
=SID  \\$aZ39$bOCLC
=SID  \\$aZ39$bLOC

