=LDR  01432 am a22004094a 4500
=001  015743171
=003  Uk
=005  20110405115859.0
=008  101216s2010\\\\ag\\\\\\\b\\\\000\0\spa\d
=010  \\$a2010504259
=020  \\$a9789875743908
=035  \\$a(AR-BaFGC)0-141000/2
=040  \\$aAR-BaFGC$cAR-BaFGC$dDLC$dUk
=042  \\$aukblderived
=043  \\$as-ag---
=050  00$aHD9975.A73$bB86 2010
=100  1\$aMesa, Pablo Edgardo.
=245  14$aLos recuperadores urbanos en la gran ciudad metropolitana de Buenos Aires /$cPablo Edgardo Mesa.
=260  \\$aBuenos Aires :$bPrometeo Libros,$cc2010.
=300  \\$a140 p. ;$c22 cm.
=336  \\$atext$2rdacontent
=337  \\$aunmediated$2rdamedia
=338  \\$avolume$2rdacarrier
=490  0\$aColección Temas urbanos
=504  \\$aIncludes bibliographical references (p. 137-140).
=650  \0$aRagpickers$zArgentina$zBuenos Aires Metropolitan Area.
=650  \0$aRecycling (Waste, etc.)$zArgentina$zBuenos Aires Metropolitan Area.
=651  \0$aArgentina$xSocial policy.
=651  \0$aBuenos Aires Metropolitan Area (Argentina)$xSocial policy.
=852  41$aBritish Library$bHMNTS$jYF.2011.a.9371
=856  41$uhttp://core.cambeiro.com.ar/0-141000-2.pdf
=CAT  \\$a11375$b40$c20110201$lBLL01$h1543
=CAT  \\$a11131$b40$c20110405$lBLL01$h1158
=FIN  \\$aY$d20110405
=FMT  \\$a  BK
=LAS  \\$a11131$b40$c20110405$lBLL01$h1158
=SID  \\$aZ39$bLOC

