=LDR  01479 am a22004214a 4500
=001  015743179
=003  Uk
=005  20110322120923.0
=008  100617s2010\\\\ag\\\\\\\b\\\\000\0\spa\d
=010  \\$a2010423399
=020  \\$a9789507542985 (pbk.)
=035  \\$a(AR-BaFGC)0-156261/2
=040  \\$aAR-BaFGC$cAR-BaFGC$dDLC$dUk
=042  \\$aukblderived
=043  \\$as-ag---
=050  00$aHD1862$b.O78 2010
=100  1\$aOrtiz, Sebastián,$d1974-
=245  13$aLa patria terrateniente :$bnueva burguesía agroindustrial y construcción del Partido del Campo /$cSebastián Ortiz ; [prólogo de Norberto Galasso].
=250  \\$a1a ed.
=260  \\$aBuenos Aires :$bPeña Lillo :$bEdiciones Continente,$c[2010]
=300  \\$a186 p. ;$c23 cm.
=336  \\$atext$2rdacontent
=337  \\$aunmediated$2rdamedia
=338  \\$avolume$2rdacarrier
=490  0\$aBiblioteca Artillería del pensamiento
=504  \\$aIncludes bibliographical references.
=650  \0$aAgriculture and state$zArgentina.
=650  \0$aAgriculture and politics$zArgentina.
=650  \0$aSocial movements$zArgentina.
=650  \0$aAgriculture$xEconomic aspects$zArgentina.
=852  41$aBritish Library$bHMNTS$jYF.2011.a.8644
=856  41$uhttp://core.cambeiro.com.ar/0-156261-2.pdf
=CAT  \\$a11375$b40$c20110201$lBLL01$h1549
=CAT  \\$a12630$b40$c20110322$lBLL01$h1209
=FIN  \\$aY$d20110322
=FMT  \\$a  BK
=LAS  \\$a12630$b40$c20110322$lBLL01$h1209
=SID  \\$aZ39$bLOC

