=LDR  01626 am a22004574a 4500
=001  015745153
=003  Uk
=005  20110517143507.0
=008  100924s2010\\\\ag\\\\\\\b\\\\000\0\spa\d
=010  \\$a  2010423968
=020  \\$a9789507868054 (pbk.)
=035  \\$a(AR-BaFGC)0-159660/0
=040  \\$aAR-BaFGC$beng$cAR-BaFGC$dDLC$dUk
=042  \\$aukblsr
=043  \\$as-ag---
=050  00$aPN4748.A7$bG37 2010
=100  1\$aGasulla, Luis.
=245  10$aRelaciones incestuosas :$blos grandes medios y las privatizaciones, de Alfonsín a Menem /$cLuis Gasulla ; [prólogo, Pablo Llonto].
=260  \\$aBuenos Aires :$bEditorial Biblos,$cc2010.
=300  \\$a254 p. ;$c23 cm.
=336  \\$atext$2rdacontent
=337  \\$aunmediated$2rdamedia
=338  \\$avolume$2rdacarrier
=490  1\$aLatitud sur colección ;
=504  \\$aIncludes bibliographical references (p. 251-254).
=650  \0$aPress and politics$zArgentina$xHistory$y20th century.
=650  \0$aPrivatization$zArgentina$xPress coverage.
=651  \0$aArgentina$xEconomic policy.
=651  \0$aArgentina$xEconomic conditions$y1983-
=651  \0$aArgentina$xPolitics and government$y1983-2002.
=830  \0$aLatitud sur colección.
=852  41$aBritish Library$bHMNTS$jYF.2011.a.11438
=856  41$uhttp://core.cambeiro.com.ar/0-159660-0.pdf
=CAT  \\$a11375$b40$c20110202$lBLL01$h0910
=CAT  \\$a6066$b40$c20110512$lBLL01$h1558
=CAT  \\$a6066$b40$c20110512$lBLL01$h1600
=CAT  \\$a6066$b40$c20110517$lBLL01$h1435
=FIN  \\$aY$d20110512
=FMT  \\$a  BK
=LAS  \\$a6066$b40$c20110517$lBLL01$h1435
=SID  \\$aZ39$bLOC

