=LDR  01594 am a22004574a 4500
=001  015745168
=003  Uk
=005  20110415113441.0
=008  101222s2010\\\\ag\\\\\\\b\\\\001\0\spa\d
=010  \\$a2010504284
=020  \\$a9789505578436 (pbk.)
=035  \\$a(AR-BaFGC)0-763/29
=040  \\$aAR-BaFGC$beng$cAR-BaFGC$dDLC$dUk
=042  \\$aukblsr
=043  \\$as-ag---
=050  00$aF2848$b.M62 2010
=100  1\$aMontaldo, Graciela R.
=245  10$aZonas ciegas :$bpopulismo y experimentos culturales en la Argentina /$cGraciela Montaldo.
=250  \\$a1. ed.
=260  \\$aBuenos Aires :$bFondo de Cultura Económica,$c2010.
=300  \\$a185 p. ;$c21 cm.
=336  \\$atext$2rdacontent
=337  \\$aunmediated$2rdamedia
=338  \\$avolume$2rdacarrier
=490  1\$aTierra firme
=504  \\$aIncludes bibliographical references and index.
=650  \0$aPolitics and culture$zArgentina$xHistory$y20th century.
=651  \0$aArgentina$xCivilization$y20th century.
=710  2\$aFondo de Cultura Económica (Buenos Aires, Argentina)
=830  \0$aColección Tierra firme (Buenos Aires, Argentina)
=852  41$aBritish Library$bHMNTS$jYF.2011.a.9272
=856  41$uhttp://core.cambeiro.com.ar/0-763-29.pdf
=CAT  \\$a11375$b40$c20110202$lBLL01$h0921
=CAT  \\$a5521$b40$c20110415$lBLL01$h1133
=CAT  \\$a5521$b40$c20110415$lBLL01$h1134
=CAT  \\$aBATCH-UPD$b40$c20110512$lBLL01$h2212
=CAT  \\$aBATCH-UPD$b40$c20130824$lBLL01$h1922
=FIN  \\$aY$d20110415
=FMT  \\$a  BK
=LAS  \\$aBATCH-UPD$b40$c20130824$lBLL01$h1922
=SID  \\$aZ39$bLOC

