=LDR  01529 am a22004214a 4500
=001  015745250
=003  Uk
=005  20110606110410.0
=008  100819s2010\\\\ag\\\\\\\b\\\\000\0\spa\d
=010  \\$a2010423781
=020  \\$a9789871599257 (pbk.)
=035  \\$a(AR-BaFGC)0-155701/2
=040  \\$aAR-BaFGC$beng$cAR-BaFGC$dDLC$dUk
=042  \\$aukblsr
=043  \\$as-ag---
=050  00$aHQ27$b.J66 2010
=100  1\$aJones, Daniel$q(Daniel Eduardo)
=245  10$aSexualidades adolescentes :$bamor, placer y control en la Argentina contemporánea /$cDaniel Jones.
=260  \\$aBuenos Aires :$bCLACSO :$bEdiciones CICCUS,$cc2010.
=300  \\$a165 p. ;$c23 cm.
=336  \\$atext$2rdacontent
=337  \\$aunmediated$2rdamedia
=338  \\$avolume$2rdacarrier
=490  0\$aColección Cuerpos en las márgenes
=504  \\$aIncludes bibliographical references (p. 153-162).
=650  \0$aTeenagers$xSexual behavior$zArgentina$zTrelew.
=650  \0$aTeenagers$xSexual behavior$zArgentina.
=710  2\$aConsejo Latinoamericano de Ciencias Sociales.
=710  2\$aCentro de Integración, Comunicación, Cultura y Sociedad (Buenos Aires, Argentina)
=852  41$aBritish Library$bHMNTS$jYF.2011.a.12800
=856  41$uhttp://core.cambeiro.com.ar/0-155701-2.pdf
=CAT  \\$a11375$b40$c20110202$lBLL01$h1050
=CAT  \\$a5521$b40$c20110512$lBLL01$h1138
=CAT  \\$a8964$b40$c20110606$lBLL01$h1104
=FIN  \\$aY$d20110512
=FMT  \\$a  BK
=LAS  \\$a8964$b40$c20110606$lBLL01$h1104
=SID  \\$aZ39$bLOC

