=LDR  01412 am a22004214a 4500
=001  015745263
=003  Uk
=005  20110323101245.0
=008  100907s2010\\\\ag\\\\\\\b\\\\000\0\spa\d
=010  \\$a2010423883
=020  \\$a9789871238675 (pbk.)
=020  \\$a9871238673 (pbk.)
=035  \\$a(AR-BaFGC)0-159867/0
=040  \\$aAR-BaFGC$cAR-BaFGC$dDLC$dUk
=042  \\$aukblderived
=043  \\$acl-----
=050  00$aF1414.3$b.S26 2010
=100  1\$aSantos, Boaventura de Sousa.
=245  10$aRefundación del Estado en América Latina :$bperspectivas desde una epistemología del sur /$cBoaventura de Sousa Santos.
=250  \\$a1. ed.
=260  \\$a[Buenos Aires?] :$bEA,$cc2010.
=300  \\$a121 p. ;$c23 cm.
=336  \\$atext$2rdacontent
=337  \\$aunmediated$2rdamedia
=338  \\$avolume$2rdacarrier
=504  \\$aIncludes bibliographical references (p. 113-121).
=650  \0$aState, The.
=650  \0$aDemocratization$zLatin America.
=650  \0$aDecolonization$zLatin America.
=651  \0$aLatin America$xPolitics and government$y21st century$xPhilosophy.
=852  41$aBritish Library$bHMNTS$jYF.2011.a.8728
=856  41$uhttp://core.cambeiro.com.ar/0-159867-0.pdf
=CAT  \\$a11375$b40$c20110202$lBLL01$h1059
=CAT  \\$a12630$b40$c20110323$lBLL01$h1012
=FIN  \\$aY$d20110323
=FMT  \\$a  BK
=LAS  \\$a12630$b40$c20110323$lBLL01$h1012
=SID  \\$aZ39$bLOC

