=LDR  01611 am a22004214a 4500
=001  015745366
=003  Uk
=005  20110714152212.0
=008  100428s2009\\\\ag\ab\\\\b\\\\000\0\spa\d
=010  \\$a2010423159
=020  \\$a9789870241997 (pbk.)
=035  \\$a(AR-BaFGC)0-157578/0
=040  \\$aAR-BaFGC$beng$cAR-BaFGC$dDLC$dUk
=042  \\$aukblsr
=043  \\$as-ag---
=050  00$aF2847$b.G357 2009
=100  1\$aGarcía Basalo, Javier F.
=245  10$aAgonías del federalismo :$baspectos económicos en el proceso de sometimiento de la provincia de Buenos Aires al poder central, ca. 1881-1886 /$cJavier F. García Basalo.
=260  \\$aBuenos Aires :$bUniversidad del Salvador,$c2009.
=300  \\$a637 p. :$bill., maps ;$c23 cm.
=336  \\$atext$2rdacontent
=337  \\$aunmediated$2rdamedia
=338  \\$avolume$2rdacarrier
=504  \\$aIncludes bibliographical references.
=650  \0$aFederal government$zArgentina$xHistory$y19th century.
=650  \0$aBanks and bankings$zArgentina$y19th century.
=650  \0$aRailroads and state$zArgentina$y19th century.
=651  \0$aArgentina$xPolitics and government$y1860-1910.
=651  \0$aBuenos Aires (Argentina : Province)$xPolitics and government$y19th century.
=852  41$aBritish Library$bHMNTS$jYF.2011.a.15791
=856  41$uhttp://core.cambeiro.com.ar/0-157578-0.pdf
=CAT  \\$a11375$b40$c20110202$lBLL01$h1343
=CAT  \\$a11131$b40$c20110516$lBLL01$h0729
=CAT  \\$a7483$b40$c20110714$lBLL01$h1522
=FIN  \\$aY$d20110516
=FMT  \\$a  BK
=LAS  \\$a7483$b40$c20110714$lBLL01$h1522
=SID  \\$aZ39$bLOC

