=LDR  01609 am a22004454a 4500
=001  015745374
=003  Uk
=005  20110503103520.0
=008  091009s2009\\\\ag\\\\\\\b\\\\000\0dspa\d
=010  \\$a  2009400418
=020  \\$a9789876141819 (pbk.)
=035  \\$a(AR-BaFGC)0-155196/2
=040  \\$aAR-BaFGC$beng$cAR-BaFGC$dDLC$dUk
=042  \\$aukblsr
=043  \\$as-cl---
=050  00$aF3100$b.G85 2009
=100  1\$aGutiérrez, Carlos,$d1962-
=245  10$aMilitares contra Pinochet :$blos que defendieron la Constitución frente al golpe de 1973 en Chile /$cCarlos Gutiérrez.
=250  \\$a1. ed.
=260  \\$aBuenos Aires :$bEdiciones Le Monde Diplomatique :$bCapital Intelectual,$cc2009.
=300  \\$a125 p. ;$c21 cm.
=336  \\$atext$2rdacontent
=337  \\$aunmediated$2rdamedia
=338  \\$avolume$2rdacarrier
=490  1\$aLe Monde diplomatique
=490  0\$aOtros militares ;$v2
=504  \\$aIncludes bibliographical references (p. 125).
=651  \0$aChile$xPolitics and government$y1970-1973.
=651  \0$aChile$xArmed Forces$xOfficials and employees$xAttitudes.
=651  \0$aChile$xArmed Forces$xPolitical activity$xHistory$y20th century.
=830  \0$aMonde diplomatique (Series) (Santiago, Chile)
=852  41$aBritish Library$bHMNTS$jYF.2011.a.7984
=856  41$uhttp://core.cambeiro.com.ar/0-155196-2.pdf
=CAT  \\$a11375$b40$c20110202$lBLL01$h1350
=CAT  \\$a11342$b40$c20110331$lBLL01$h1925
=CAT  \\$a11342$b40$c20110503$lBLL01$h1035
=FIN  \\$aY$d20110331
=FMT  \\$a  BK
=LAS  \\$a11342$b40$c20110503$lBLL01$h1035
=SRC  \\$aBLL02

