=LDR  01393 am a22004094a 4500
=001  015745390
=003  Uk
=005  20120112162803.0
=008  100430s2009\\\\ag\a\\\\\b\\\f000\0bspa\d
=010  \\$a  2010423180
=020  \\$a9789871288212
=035  \\$a(AR-BaFGC)0-157651/1
=040  \\$aAR-BaFGC$cAR-BaFGC$dDLC$dUk
=042  \\$aukblderived
=043  \\$as------$as-ag---
=050  00$aF2235.5.L37$bM37 2009
=100  1\$aMartínez Baeza, Sergio.
=245  10$aVida del general Juan Gregorio de Las Heras, 1780-1866 /$cSergio Martínez Baeza.
=260  \\$aBuenos Aires :$bAcademia Nacional de la Historia,$c2009.
=300  \\$a375 p. :$bill. ;$c23 cm.
=336  \\$atext$2rdacontent
=337  \\$aunmediated$2rdamedia
=338  \\$avolume$2rdacarrier
=490  0\$aBicentenario de mayo
=504  \\$aIncludes bibliographical references.
=600  10$aLas Heras, Juan Gregorio de,$d1780-1866.
=650  \0$aGenerals$zSouth America$vBiography.
=650  \0$aGenerals$zArgentina$vBiography.
=651  \0$aSouth America$zHistory$zWars of Independence, 1806-1830.
=852  41$aBritish Library$bHMNTS$jYF.2012.a.963
=856  41$uhttp://core.cambeiro.com.ar/0-157651-1.pdf
=CAT  \\$a11375$b40$c20110202$lBLL01$h1405
=CAT  \\$a5512$b40$c20120112$lBLL01$h1628
=FIN  \\$aY$d20120112
=FMT  \\$a  BK
=LAS  \\$a5512$b40$c20120112$lBLL01$h1628
=SRC  \\$aBLL02

