=LDR  01671 am a22004214a 4500
=001  015745402
=003  Uk
=005  20110719112552.0
=008  100511s2009\\\\ag\\\\\\\b\\\\001\0\spa\d
=010  \\$a2010423226
=020  \\$a9789507213311
=035  \\$a(AR-BaFGC)0-156589/0
=040  \\$aAR-BaFGC$cAR-BaFGC$dDLC$dUk
=042  \\$aukblderived
=043  \\$as-ag---
=050  00$aPC4874.J8$bD63 2009
=245  00$aDocumentos del Jujuy colonial :$baportes para el estudio histórico del español americano, siglos XVI a XIX /$cAna María Postigo de de Bedia, Lucinda del Carmen Díaz de Martínez, editoras ; [equipo de investigación, Luisa Edith Checa ... et al.].
=250  \\$a1ra ed.
=260  \\$aSan Salvador de Jujuy, Pcia. de Jujuy, Argentina :$bEdiUnju ;$a[Argentina] :$bREUN,$c2009.
=300  \\$a395 p. ;$c21 cm.
=336  \\$atext$2rdacontent
=337  \\$aunmediated$2rdamedia
=338  \\$avolume$2rdacarrier
=504  \\$aIncludes bibliographical references (p. 387-391) and index.
=650  \0$aSpanish language$zArgentina$zJujuy (Province)$xHistory$vSources.
=650  \0$aSpanish language$xLexicology, Historical$vSources.
=651  \0$aJujuy (Argentina : Province)$xHistory$vSources.
=700  1\$aPostigo de de Bedia, Ana María.
=700  1\$aDíaz de Martínez, Lucinda.
=700  1\$aCheca, Luisa Edith.
=852  41$aBritish Library$bHMNTS$jYF.2011.a.18685
=856  41$uhttp://core.cambeiro.com.ar/0-156589-0.pdf
=CAT  \\$a11375$b40$c20110202$lBLL01$h1413
=CAT  \\$a10904$b40$c20110719$lBLL01$h1125
=FIN  \\$aY$d20110719
=FMT  \\$a  BK
=LAS  \\$a10904$b40$c20110719$lBLL01$h1125
=SID  \\$aZ39$bLOC

