=LDR  01493 am a22004334a 4500
=001  015745421
=003  Uk
=005  20110405123117.0
=008  091228s2009\\\\ag\\\\\\\b\\\\000\0\spa\d
=010  \\$a2009400621
=020  \\$a9789875743229
=035  \\$a(AR-BaFGC)0-155323/0
=040  \\$aAR-BaFGC$cAR-BaFGC$dDLC$dUk
=042  \\$aukblderived
=043  \\$as-ag---
=050  00$aJL2098.S6$bT67 2009
=100  1\$aTortti, María Cristina.
=245  14$aEl "viejo" partido socialista y los orígenes de la "nueva" izquierda :$b1955-1965 /$cMaría Cristina Tortti.
=260  \\$aBuenos Aires :$bPrometeo Libros,$cc2009.
=300  \\$a405 p. ;$c22 cm.
=336  \\$atext$2rdacontent
=337  \\$aunmediated$2rdamedia
=338  \\$avolume$2rdacarrier
=490  0\$aPrometeo Bicentenario
=504  \\$aIncludes bibliographical references (p. 385-405).
=610  20$aPartido Socialista (Argentina)$xHistory.
=610  20$aPartido Socialista Argentino$xHistory.
=650  \0$aNew Left$zArgentina.
=651  \0$aArgentina$xPolitics and government$y1955-1983.
=852  41$aBritish Library$bHMNTS$jYF.2011.a.9199
=856  41$uhttp://core.cambeiro.com.ar/0-155323-0.pdf
=CAT  \\$a11375$b40$c20110202$lBLL01$h1428
=CAT  \\$a11131$b40$c20110405$lBLL01$h1231
=CAT  \\$a10804$b40$c20160819$lBLL01$h1139
=CAT  \\$aBATCH-UPD$b40$c20160819$lBLL01$h1140
=FIN  \\$aY$d20110405
=FMT  \\$a  BK
=LAS  \\$aBATCH-UPD$b40$c20160819$lBLL01$h1140
=SID  \\$aZ39$bLOC

