=LDR  01236 am a22003734a 4500
=001  015745470
=003  Uk
=005  20110406123215.0
=008  100311s2010\\\\ag\\\\\\\b\\\\000\0dspa\d
=010  \\$a2010423059
=020  \\$a9789500731799 (pbk.)
=035  \\$a(AR-BaFGC)0-101003/52
=040  \\$aAR-BaFGC$beng$cAR-BaFGC$dDLC$dUk
=042  \\$aukblsr
=043  \\$as-ag---
=050  00$aF2845$b.D67 2010
=245  00$aDoscientos años pensando la Revolución de Mayo /$cRaúl Fradkin y Jorge Gelman, coordinadores.
=260  \\$aBuenos Aires :$bEditorial Sudamericana,$cc2010.
=300  \\$a471 p. ;$c23 cm.
=336  \\$atext$2rdacontent
=337  \\$aunmediated$2rdamedia
=338  \\$avolume$2rdacarrier
=504  \\$aIncludes bibliographical references.
=651  \0$aArgentina$xHistory$yWar of Independence, 1810-1817$xHistoriography.
=700  1\$aFradkin, Raúl,$d1955-
=700  1\$aGelman, Jorge.
=852  41$aBritish Library$bHMNTS$jYF.2011.a.8484
=856  41$uhttp://core.cambeiro.com.ar/0-101003-52.pdf
=CAT  \\$a11375$b40$c20110202$lBLL01$h1535
=CAT  \\$a5521$b40$c20110406$lBLL01$h1232
=FIN  \\$aY$d20110406
=FMT  \\$a  BK
=LAS  \\$a5521$b40$c20110406$lBLL01$h1232
=SID  \\$aZ39$bLOC

