=LDR  01351 am a22004094a 4500
=001  015745505
=003  Uk
=005  20110415120049.0
=008  100721s2010\\\\ag\a\\\\\b\\\\000\0\spa\d
=010  \\$a2010423608
=020  \\$a9789871294305 (pbk.)
=035  \\$a(AR-BaFGC)0-159116/1
=040  \\$aAR-BaFGC$beng$cAR-BaFGC$dDLC$dUk
=042  \\$aukblsr
=043  \\$as-ag---
=050  00$aF2846$b.M41 2010
=100  1\$aMatallana, Andrea.
=245  10$aImágenes y representación :$bensayos desde la historia argentina /$cAndrea Matallana.
=250  \\$a1. ed.
=260  \\$aBuenos Aires :$bAurelia Rivera Libros,$c2010.
=300  \\$a181 p. :$bill. ;$c20 cm.
=336  \\$atext$2rdacontent
=337  \\$aunmediated$2rdamedia
=338  \\$avolume$2rdacarrier
=490  0\$aEnsayo
=504  \\$aIncludes bibliographical references (p. [173]-175).
=650  \0$aPolitical satire, Argentine$xHistory and criticism.
=650  \0$aCaricature$zArgentina.
=651  \0$aArgentina$xPolitics and government$y19th century$vHumor.
=852  41$aBritish Library$bHMNTS$jYF.2011.a.9273
=856  41$uhttp://core.cambeiro.com.ar/0-159116-1.pdf
=CAT  \\$a11375$b40$c20110202$lBLL01$h1613
=CAT  \\$a5521$b40$c20110415$lBLL01$h1200
=FIN  \\$aY$d20110415
=FMT  \\$a  BK
=LAS  \\$a5521$b40$c20110415$lBLL01$h1200
=SID  \\$aZ39$bLOC

