=LDR  01371 am a22004094a 4500
=001  015745509
=003  Uk
=005  20110412135529.0
=008  100505s2009\\\\ag\a\\\\\\\\\\000\0aspa\d
=010  \\$a2010423177
=020  \\$a9789871505159
=035  \\$a(AR-BaFGC)0-157154/0
=040  \\$aAR-BaFGC$cAR-BaFGC$dDLC$dUk
=042  \\$aukblderived
=043  \\$acl-----$as-pe---
=050  00$aF1414.2$b.N33 2009
=100  1\$aNapurí, Ricardo,$d1925-
=245  10$aPensar América Latina :$bcrónicas autobiográficas de un militante revolucionario /$cRicardo Napurí.
=260  \\$aBuenos Aires :$bHerramienta Ediciones,$cc2009.
=300  \\$a576 p. :$bill. ;$c22 cm.
=336  \\$atext$2rdacontent
=337  \\$aunmediated$2rdamedia
=338  \\$avolume$2rdacarrier
=600  10$aNapurí, Ricardo.
=650  \0$aRevolutions$zLatin America.
=650  \0$aCommunist parties$zPeru.
=650  \0$aCommunists$zPeru$vBiography.
=651  \0$aLatin America$xPolitics and government$y20th century.
=852  41$aBritish Library$bHMNTS$jYF.2011.a.9214
=856  41$uhttp://core.cambeiro.com.ar/0-157154-0.pdf
=CAT  \\$a11375$b40$c20110202$lBLL01$h1623
=CAT  \\$a11131$b40$c20110405$lBLL01$h1201
=CAT  \\$a5512$b40$c20110412$lBLL01$h1355
=FIN  \\$aY$d20110405
=FMT  \\$a  BK
=LAS  \\$a5512$b40$c20110412$lBLL01$h1355
=SID  \\$aZ39$bLOC

