=LDR  01016 am a22003254a 4500
=001  015755251
=003  Uk
=005  20110719111734.0
=008  101222s2010\\\\ag\a\\\\\\\\\\000\0\spa\d
=010  \\$a2010504303
=020  \\$a9789500432979
=035  \\$a(AR-BaFGC)0-160587/0
=040  \\$aAR-BaFGC$cAR-BaFGC$dDLC$dUk
=050  00$aPQ7797.B635$bZ79676 2010
=100  1\$aPaoletti, Mario.
=245  13$aEl otro Borges :$banecdotario completo /$cMario Paoletti.
=260  \\$aC.A.B.A. :$bEmecé,$cc2010.
=300  \\$a188 p. :$bill. ;$c23 cm.
=336  \\$atext$2rdacontent
=337  \\$aunmediated$2rdamedia
=338  \\$avolume$2rdacarrier
=600  10$aBorges, Jorge Luis,$d1899-1986$vAnecdotes.
=852  41$aBritish Library$bHMNTS$jYF.2011.a.16400
=856  41$uhttp://core.cambeiro.com.ar/0-160587-0.pdf
=CAT  \\$a8229$b40$c20110217$lBLL01$h0916
=CAT  \\$a10904$b40$c20110719$lBLL01$h1117
=FIN  \\$aY$d20110719
=FMT  \\$a  BK
=LAS  \\$a10904$b40$c20110719$lBLL01$h1117
=SID  \\$aZ39$bLOC

