=LDR  01507 am a22004334a 4500
=001  015755261
=003  Uk
=005  20110719092051.0
=008  100527s2010\\\\ag\a\\\\\b\\\\000\0\spa\d
=010  \\$a2010423280
=020  \\$a9789871172559
=035  \\$a(AR-BaFGC)0-158311/0
=040  \\$aAR-BaFGC$cAR-BaFGC$dDLC$dUk
=041  0\$aspa$aeng
=042  \\$aukblderived
=043  \\$as-ag---
=050  00$aF2849$b.A43 2010
=100  1\$aAmaral, Samuel.
=245  10$aImágenes del peronismo :$b1945-1955 : fotografías = photographs /$cSamuel Amaral, Horacio Botalla.
=250  \\$a1. ed.
=260  \\$a[Caseros, Argentina] :$bEDUNTREF, Editorial de la Universidad Nacional de Tres de Febrero,$c2010.
=300  \\$a228, [3] p. :$bchiefly ill. ;$c23 x 26 cm.
=336  \\$atext$2rdacontent
=337  \\$aunmediated$2rdamedia
=338  \\$avolume$2rdacarrier
=504  \\$aIncludes bibliographical references (p. [231]).
=546  \\$aSpanish and English.
=650  \0$aPeronism$xHistory$y20th century$vPictorial works.
=650  \0$aPerón, Juan Domingo,$d1895-1974$vPictorial works.
=650  \0$aPerón, Eva,$d1919-1952$vPictorial works.
=700  1\$aBotalla, Horacio L.
=852  41$aBritish Library$bHMNTS$jLF.31.a.3539
=856  41$uhttp://core.cambeiro.com.ar/0-158311-0.pdf
=CAT  \\$a8229$b40$c20110217$lBLL01$h0922
=CAT  \\$a10904$b40$c20110719$lBLL01$h0920
=FIN  \\$aY$d20110719
=FMT  \\$a  BK
=LAS  \\$a10904$b40$c20110719$lBLL01$h0920
=SID  \\$aZ39$bLOC

