=LDR  01324 am a22003974a 4500
=001  015755300
=003  Uk
=005  20110719105813.0
=008  100607s2009\\\\ag\b\\\\\b\\\\000\0\spa\d
=010  \\$a2010423323
=020  \\$a9789872552909
=035  \\$a(AR-BaFGC)0-157539/0
=040  \\$aAR-BaFGC$cAR-BaFGC$dDLC$dUk
=042  \\$aukblderived
=043  \\$as-bo---
=050  00$aF3315$b.L36 2009
=100  1\$aLanusse, Federico,$d1952-
=245  10$aDel otro lado del espejo :$bviajes por la tierra de Evo Morales /$cFederico Lanusse.
=260  \\$aSalta, Argentina :$bCielo Arriba Ediciones,$cc2009.
=300  \\$a312 p. :$bmaps ;$c21 cm.
=336  \\$atext$2rdacontent
=337  \\$aunmediated$2rdamedia
=338  \\$avolume$2rdacarrier
=504  \\$aIncludes bibliographical references (p. 257-258).
=650  \0$aCoca$zBolivia.
=651  \0$aBolivia$xDescription and travel.
=651  \0$aBolivia$xSocial conditions$y21th century.
=651  \0$aBolivia$xEconomic conditions$y21th century.
=852  41$aBritish Library$bHMNTS$jYF.2011.a.16399
=856  41$uhttp://core.cambeiro.com.ar/0-157539-0.pdf
=CAT  \\$a8229$b40$c20110217$lBLL01$h0951
=CAT  \\$a10904$b40$c20110719$lBLL01$h1058
=FIN  \\$aY$d20110719
=FMT  \\$a  BK
=LAS  \\$a10904$b40$c20110719$lBLL01$h1058
=SID  \\$aZ39$bLOC

