=LDR  01181 am a22003734a 4500
=001  015756098
=003  Uk
=005  20110513084106.0
=008  100414s2008\\\\ag\a\\\\\b\\\\000\0\eng\d
=010  \\$a2010423096
=020  \\$a9789871533046
=035  \\$a(AR-BaFGC)0-157312/0
=040  \\$aAR-BaFGC$cAR-BaFGC$dDLC$dUk
=042  \\$aukblderived
=043  \\$as-uy---
=050  00$aF2724$b.U78 2008
=245  00$aUruguay :$ba travel and literary companion /$ccompiled by Andrew Graham-Yooll.
=260  \\$aBuenos Aires :$bLOLA,$c2008.
=300  \\$a293 p. :$bill. ;$c24 cm.
=336  \\$atext$2rdacontent
=337  \\$aunmediated$2rdamedia
=338  \\$avolume$2rdacarrier
=504  \\$aIncludes bibliographical references (p. 284-290).
=651  \0$aUruguay$xHistory$y1810-
=651  \0$aUruguay$xDescription and travel.
=700  1\$aGraham-Yooll, Andrew.
=852  41$aBritish Library$bHMNTS$jYD.2011.a.3486
=856  41$uhttp://core.cambeiro.com.ar/0-157312-0.pdf
=CAT  \\$a8229$b40$c20110218$lBLL01$h1116
=CAT  \\$a11131$b40$c20110513$lBLL01$h0841
=FIN  \\$aY$d20110513
=FMT  \\$a  BK
=LAS  \\$a11131$b40$c20110513$lBLL01$h0841
=SID  \\$aZ39$bLOC

