=LDR  01408cam a22004094a 4500
=001  015756322
=003  Uk
=005  20110405141214.0
=008  090814s2009\\\\ag\abf\\\b\\\\001\0dspa\d
=010  \\$a  2009400310
=020  \\$a9789879333259
=035  \\$a(AR-BaFGC)0-65683/9
=040  \\$aAR-BaFGC$cAR-BaFGC$dDLC$dUk
=042  \\$aukblderived
=043  \\$as-ag---
=050  00$aF3001.9.J5$bS217 2009
=100  10$aSadow, Stephen A.,$d1946-
=245  10$aDesde afuera y desde adentro :$bdos excursiones por la cultura judeoargentina /$cStephen A. Sadow, Ricardo Feierstein.
=260  \\$aBuenos Aires :$bAcervo Cultural,$cc2009.
=300  \\$a251 p., [16] of plates :$bill., maps ;$c20 cm.
=336  \\$atext$2rdacontent
=337  \\$aunmediated$2rdamedia
=338  \\$avolume$2rdacarrier
=490  0\$aNarrativa
=504  \\$aIncludes bibliographical references and index.
=650  \0$aJews$zArgentina$zBuenos Aires$xCivilization.
=650  \0$aJews$zArgentina$z1Buenos Aires$yIdentity.
=700  1\$aFeierstein, Ricardo.
=852  41$aBritish Library$bHMNTS$jYF.2011.a.9184
=856  41$uhttp://core.cambeiro.com.ar/0-65683-9.pdf
=CAT  \\$a8229$b40$c20110218$lBLL01$h1442
=CAT  \\$a11131$b40$c20110405$lBLL01$h1412
=CAT  \\$aBATCH-UPD$b40$c20230610$lBLL01$h1735
=FIN  \\$aY$d20110405
=FMT  \\$a  BK
=LAS  \\$aBATCH-UPD$b40$c20230610$lBLL01$h1735
=SRC  \\$aBLL02

