=LDR  01149 am a22003734a 4500
=001  015756527
=003  Uk
=005  20110322160240.0
=008  100409s2010\\\\ag\\\\\\\b\\\\000\1dspa\d
=010  \\$a2010423095
=020  \\$a9789871556267 (pbk.)
=020  \\$a9871556268 (pbk.)
=035  \\$a(AR-BaFGC)0-89176/7
=040  \\$aAR-BaFGC$cAR-BaFGC$dDLC$dUk
=042  \\$aukblderived
=050  00$aPN165$b.C69 2010
=100  1\$aCozarinsky, Edgardo.
=245  10$aBlues /$cEdgardo Cozarinsky.
=260  \\$aBuenos Aires :$bAdriana Hidalgo Editora,$cc2010.
=300  \\$a136 p. ;$c23 cm.
=336  \\$atext$2rdacontent
=337  \\$aunmediated$2rdamedia
=338  \\$avolume$2rdacarrier
=490  0\$aBiografías y testimonios
=650  \0$aLitterateurs$y20th century$vAnecdotes.
=852  41$aBritish Library$bHMNTS$jYF.2011.a.8637
=856  41$uhttp://core.cambeiro.com.ar/0-89176-7.pdf
=CAT  \\$a8229$b40$c20110221$lBLL01$h0842
=CAT  \\$a12630$b40$c20110322$lBLL01$h1601
=CAT  \\$a12630$b40$c20110322$lBLL01$h1602
=FIN  \\$aY$d20110322
=FMT  \\$a  BK
=LAS  \\$a12630$b40$c20110322$lBLL01$h1602
=SID  \\$aZ39$bLOC

