=LDR  01362 am a22003854a 4500
=001  015756559
=003  Uk
=005  20110629183057.0
=008  100608s2010\\\\ag\\\\\\\b\\\\000\0\spa\d
=010  \\$a2010423324
=020  \\$a9789507867835 (pbk.)
=035  \\$a(AR-BaFGC)0-135468/13
=040  \\$aAR-BaFGC$beng$cAR-BaFGC$dDLC$dUk
=042  \\$aukblsr
=050  00$aPQ7797.E3$bZ871 2010
=100  1\$aSorbille, Martín.
=245  13$aEl fantasma de Esteban Echeverría en los orígenes de la modernidad argentina :$bescenas y proyecciones sadomasoquistas /$cMartín Sorbille.
=260  \\$aBuenos Aires :$bBiblos,$cc2010.
=300  \\$a204 p. ;$c23 cm.
=336  \\$atext$2rdacontent
=337  \\$aunmediated$2rdamedia
=338  \\$avolume$2rdacarrier
=490  1\$aTeoría y crítica
=504  \\$aIncludes bibliographical references (p. 199-204).
=600  10$aEcheverría, Esteban,$d1805-1851$xCriticism and interpretation.
=650  \0$aPsychoanalysis and literature.
=830  \0$aTeoría y crítica (Editorial Biblos)
=852  41$aBritish Library$bHMNTS$jYF.2011.a.14740
=856  41$uhttp://core.cambeiro.com.ar/0-135468-13.pdf
=CAT  \\$a8229$b40$c20110221$lBLL01$h0939
=CAT  \\$a11342$b40$c20110629$lBLL01$h1830
=FIN  \\$aY$d20110629
=FMT  \\$a  BK
=LAS  \\$a11342$b40$c20110629$lBLL01$h1830
=SID  \\$aZ39$bLOC

