=LDR  01330 am a22003974a 4500
=001  015756592
=003  Uk
=005  20110513092619.0
=008  101020s2010\\\\ag\\\\\\\b\\\\001\0\spa\d
=010  \\$a2010504085
=020  \\$a9789505578511
=035  \\$a(AR-BaFGC)0-3704/15
=040  \\$aAR-BaFGC$cAR-BaFGC$dDLC$dUk
=042  \\$aukblderived
=050  00$aPQ7797.L85$bZ642 2010
=100  1\$aDobry, Edgardo,$d1962-
=245  14$aUna profecía del pasado :$bLugones y la invención del "linaje de Hércules" /$cEdgardo Dobry.
=250  \\$a1. ed.
=260  \\$aBuenos Aires :$bFondo de Cultura Económica,$c2010.
=300  \\$a196 p. ;$c21 cm.
=336  \\$atext$2rdacontent
=337  \\$aunmediated$2rdamedia
=338  \\$avolume$2rdacarrier
=490  0\$aTierra firme
=500  \\$aErrata slip inserted.
=504  \\$aIncludes bibliographical references and index.
=600  10$aLugones, Leopoldo,$d1874-1938$xCriticism and interpretation.
=600  10$aLugones, Leopoldo,$d1874-1938.$tPayador.
=852  41$aBritish Library$bHMNTS$jYF.2011.a.11614
=856  41$uhttp://core.cambeiro.com.ar/0-3704-15.pdf
=CAT  \\$a8229$b40$c20110221$lBLL01$h1036
=CAT  \\$a11131$b40$c20110513$lBLL01$h0926
=FIN  \\$aY$d20110513
=FMT  \\$a  BK
=LAS  \\$a11131$b40$c20110513$lBLL01$h0926
=SID  \\$aZ39$bLOC

