=LDR  01826 am a22004454a 4500
=001  015783240
=003  Uk
=005  20120412111739.0
=008  100625s2008\\\\ag\a\\\\\b\\\f000\0\spa\d
=010  \\$a2010423426
=020  \\$a9789871121304
=035  \\$a(AR-BaFGC)0-153353/0
=040  \\$aAR-BaFGC$cAR-BaFGC$dDLC$dUk
=041  1\$aspa$aeng$hspa
=042  \\$aukblderived
=043  \\$as-ag---
=050  00$aF2845$b.G37 2008
=100  1\$aGarcía Belsunce, César A.
=245  13$aLa invasión británica 1806-1807 :$bhomenaje a la gesta rioplatense = The british invasion 1806-1807 : tribute to the River Plate epic. /$c[autores, César A. García Belsunce, Miguel Ángel De Marco, Isidoro J. Ruiz Moreno ; relevamiento y clasificación de las obras y piezas históricas y edición fotográfica, Susana R. Frías].
=246  31$aBritish invasion 1806-1807
=246  34$aImágenes de la invasión británica, 1806-1807
=260  \\$a[Buenos Aires?] :$bAcademia Nacional de la Historia,$c[2008?]
=300  \\$a208 p. :$bill. (some col.) ;$c25 x 26 cm.
=336  \\$atext$2rdacontent
=337  \\$aunmediated$2rdamedia
=338  \\$avolume$2rdacarrier
=504  \\$aIncludes bibliographical references (p. 208).
=546  \\$aTexts in Spanish and English.
=651  \0$aArgentina$xHistory$yEnglish Invasions, 1806-1807$vPictorial works.
=700  1\$aMarco, Miguel Ángel de.
=700  1\$aRuiz Moreno, Isidoro J.,$d1934-
=852  41$aBritish Library$bHMNTS$jLD.31.a.2190
=856  41$uhttp://core.cambeiro.com.ar/0-153353-0.pdf
=CAT  \\$a8229$b40$c20110401$lBLL01$h0856
=CAT  \\$a11002$b40$c20120412$lBLL01$h1117
=CAT  \\$aBATCH-UPD$b40$c20200819$lBLL01$h2024
=FIN  \\$aY$d20120412
=FMT  \\$a  BK
=LAS  \\$aBATCH-UPD$b40$c20200819$lBLL01$h2024
=SID  \\$aZ39$bLOC

