=LDR  01433 am a22004094a 4500
=001  015812058
=003  Uk
=005  20110725111732.0
=008  110321s2010\\\\ag\\\\\\\b\\\\000\0\spa\d
=010  \\$a2010504540
=020  \\$z9789871228942
=035  \\$a(AR-BaFGC)0-122468/15
=040  \\$aAR-BaFGC$cAR-BaFGC$dDLC$dUk
=042  \\$aukblderived
=050  00$aPQ8520.14.I4$bZ466 2010
=100  1\$aDi Giorgio, Marosa.
=245  10$aNo develarás el misterio :$bentrevistas, 1973-2004 /$cMarosa Di Giorgio, compilación de Nidia di Giorgio ; selección de Edgardo Russo ; edición y prólogo de Osvaldo Aguirre.
=260  \\$aBuenos Aires :$bEl Cuenco de Plata,$cc2010.
=300  \\$a165 p. ;$c21 cm.
=336  \\$atext$2rdacontent
=337  \\$aunmediated$2rdamedia
=338  \\$avolume$2rdacarrier
=490  0\$aLatinoamericana
=504  \\$aIncludes bibliographical references.
=600  10$aDi Giorgio, Marosa$vInterviews.
=650  \0$aAuthors, Uruguayan$y20th century$vInterviews.
=700  1\$aDi Giorgio, Nidia.
=700  1\$aRusso, Edgardo,$d1949-
=700  1\$aAguirre, Osvaldo,$d1964-
=852  41$aBritish Library$bHMNTS$jYF.2011.a.16654
=856  41$uhttp://core.cambeiro.com.ar/0-122468-15.pdf
=CAT  \\$a11375$b40$c20110523$lBLL01$h1203
=CAT  \\$a11002$b40$c20110725$lBLL01$h1117
=FIN  \\$aY$d20110725
=FMT  \\$a  BK
=LAS  \\$a11002$b40$c20110725$lBLL01$h1117
=SID  \\$aZ39$bLOC

