=LDR  01429 am a22003974a 4500
=001  015812832
=003  Uk
=005  20110719083900.0
=008  100616s2010\\\\ag\a\\\\\b\\\\000\0\spa\d
=010  \\$a2010423417
=020  \\$a9789872357870
=035  \\$a(AR-BaFGC)0-157511/0
=040  \\$aAR-BaFGC$cAR-BaFGC$dDLC$dUk
=042  \\$aukblderived
=043  \\$as-ag---
=050  00$aHV6322.3.A7$bT47 2010
=245  03$aEl terrorismo de Estado en la Argentina /$c[prólogo, Ana María Careaga].
=260  \\$aCiudad Autónoma de Buenos Aires :$bInstituto Espacio para la Memoria,$c[2010?]
=300  \\$a317 p. :$bill. (some col.) ;$c22 cm.
=336  \\$atext$2rdacontent
=337  \\$aunmediated$2rdamedia
=338  \\$avolume$2rdacarrier
=504  \\$aIncludes bibliographical references (p. 223-[225]).
=650  \0$aState-sponsored terrorism$zArgentina$xHistory$y20th century.
=650  \0$aAuthoritarianism$zArgentina$xHistory.
=651  \0$aArgentina$xHistory$yDirty War, 1976-1983$xCauses.
=651  \0$aArgentina$xPolitics and government$y1955-1983.
=651  \0$aArgentina$xEconomic policy.
=852  41$aBritish Library$bHMNTS$jYF.2011.a.16395
=856  41$uhttp://core.cambeiro.com.ar/0-157511-0.pdf
=CAT  \\$a11375$b40$c20110524$lBLL01$h1352
=CAT  \\$a10904$b40$c20110719$lBLL01$h0839
=FIN  \\$aY$d20110719
=FMT  \\$a  BK
=LAS  \\$a10904$b40$c20110719$lBLL01$h0839
=SID  \\$aZ39$bLOC

