=LDR  01301 am a22003854a 4500
=001  015812883
=003  Uk
=005  20120412085446.0
=008  100805s2009\\\\ag\\\\\\\b\\\\000\0\spa\d
=010  \\$a2010423693
=020  \\$a9789872364830
=035  \\$a(AR-BaFGC)0-155107/0
=040  \\$aAR-BaFGC$cAR-BaFGC$dDLC$dUk
=042  \\$aukblderived
=043  \\$acl-----
=050  00$aHQ75.6.L29$bD47 2009
=245  00$aDesobedientes :$bexperiencias y reflexiones sobre poliamor, relaciones abiertas y sexo casual entre lesbianas latinoamericanas /$ceditoras-autoras, Norma Mogrovejo Aquise ... [et al.].
=260  \\$aBuenos Aires :$bEn la Frontera,$cc2009.
=300  \\$a99 p. ;$c21 cm.
=336  \\$atext$2rdacontent
=337  \\$aunmediated$2rdamedia
=338  \\$avolume$2rdacarrier
=504  \\$aIncludes bibliographical references.
=650  \0$aLesbians$zLatin America.
=650  \0$aLesbianism.
=650  \0$aLesbians$xSexual behavior.
=700  1\$aMogrovejo, Norma.
=852  41$aBritish Library$bHMNTS$jYF.2012.a.10101
=856  41$uhttp://core.cambeiro.com.ar/0-155107-0.pdf
=CAT  \\$a11375$b40$c20110524$lBLL01$h1421
=CAT  \\$a11002$b40$c20120412$lBLL01$h0854
=FIN  \\$aY$d20120412
=FMT  \\$a  BK
=LAS  \\$a11002$b40$c20120412$lBLL01$h0854
=SID  \\$aZ39$bLOC

