=LDR  01307 am a22003854a 4500
=001  015812914
=003  Uk
=005  20110801085551.0
=008  100609s2010\\\\ag\\\\\\\b\\\\000\0\spa\d
=010  \\$a2010423360
=020  \\$a9789871304516
=035  \\$a(AR-BaFGC)0-153321/3
=040  \\$aAR-BaFGC$cAR-BaFGC$dDLC$dUk
=042  \\$aukblderived
=043  \\$acl-----
=050  00$aHN110.5.A8$bA5817 2010
=100  1\$aAguirre Rojas, Carlos Antonio.
=245  10$aMovimientos antisistémicos :$bpensar lo antisistémico en los inicios del siglo XXI /$cCarlos Antonio Aguirre Rojas.
=260  \\$aRosario, Argentina :$bProhistoria Ediciones,$c2010.
=300  \\$a168 p. ;$c23 cm.
=336  \\$atext$2rdacontent
=337  \\$aunmediated$2rdamedia
=338  \\$avolume$2rdacarrier
=490  0\$aColección Tiempo presente ;$v4
=504  \\$aIncludes bibliographical references.
=650  \0$aSocial movements$zLatin America$xHistory$y21st century.
=650  \0$aSocial movements.
=852  41$aBritish Library$bHMNTS$jYF.2011.a.17018
=856  41$uhttp://core.cambeiro.com.ar/0-153321-3.pdf
=CAT  \\$a11375$b40$c20110524$lBLL01$h1448
=CAT  \\$a11131$b40$c20110801$lBLL01$h0855
=FIN  \\$aY$d20110801
=FMT  \\$a  BK
=LAS  \\$a11131$b40$c20110801$lBLL01$h0855
=SID  \\$aZ39$bLOC

