=LDR  01332 am a22003974a 4500
=001  015812925
=003  Uk
=005  20110909143202.0
=008  100806s2010\\\\ag\\\\\\\b\\\\000\0\spa\d
=010  \\$a2010423732
=020  \\$a9789871256709 (pbk,.)
=035  \\$a(AR-BaFGC)0-159277/1
=040  \\$aAR-BaFGC$beng$cAR-BaFGC$dDLC$dUk
=042  \\$aukblsr
=043  \\$acl-----$af------
=050  00$aJV51$b.B53 2010
=100  1\$aBidaseca, Karina.
=245  10$aPerturbando el texto colonial :$blos estudios (pos)coloniales en América Latina /$cKarina Bidaseca.
=250  \\$a1a ed.
=260  \\$aBuenos Aires :$bSB,$c2010.
=300  \\$a286 p. ;$c23 cm.
=336  \\$atext$2rdacontent
=337  \\$aunmediated$2rdamedia
=338  \\$avolume$2rdacarrier
=490  0\$aParadigma indicial. Serie Estudios poscoloniales
=504  \\$aIncludes bibliographical references (p. 269-286).
=650  \0$aPostcolonialism$xStudy and teaching$zLatin America.
=650  \0$aAnti-imperialist movements$zLatin America.
=852  41$aBritish Library$bHMNTS$jYF.2011.a.19450
=856  41$uhttp://core.cambeiro.com.ar/0-159277-1.pdf
=CAT  \\$a11375$b40$c20110524$lBLL01$h1454
=CAT  \\$a5521$b40$c20110909$lBLL01$h1432
=FIN  \\$aY$d20110909
=FMT  \\$a  BK
=LAS  \\$a5521$b40$c20110909$lBLL01$h1432
=SID  \\$aZ39$bLOC

