=LDR  01638 am a22004334a 4500
=001  015814807
=003  Uk
=005  20110718092935.0
=008  100608s2010\\\\ag\a\\\\\b\\\\000\0\spa\d
=010  \\$a2010423337
=020  \\$a9789502317069
=035  \\$a(AR-BaFGC)0-157976/3
=040  \\$aAR-BaFGC$cAR-BaFGC$dDLC$dUk
=042  \\$aukblderived
=043  \\$as-ag---
=050  00$aF3001.9.P4$bR67 2010
=100  1\$aRosas, Carolina A.
=245  10$aImplicaciones mutuas entre el género y la migración :$bvarones y mujeres peruanos arribados a Buenos Aires entre 1990 y 2003 /$cCarolina Rosas.
=250  \\$a1. ed.
=260  \\$aCiudad de Buenos Aires :$bEudeba,$c2010.
=300  \\$a289 p. :$bill. ;$c25 cm.
=336  \\$atext$2rdacontent
=337  \\$aunmediated$2rdamedia
=338  \\$avolume$2rdacarrier
=490  0\$aTemas. Ciencias sociales
=504  \\$aIncludes bibliographical references (p. [249]-263).
=650  \0$aPeruvians$zArgentina$zBuenos Aires Metropolitan Area.
=650  \0$aMale immigrants$zArgentina$zBuenos Aires Metropolitan Area.
=650  \0$aWomen immigrants$zArgentina$zBuenos Aires Metropolitan Area.
=650  \0$aSex role$zArgentina$zBuenos Aires Metropolitan Area.
=651  \0$aBuenos Aires Metropolitan Area (Argentina)$xEmigration and immigration$xSocial aspects.
=852  41$aBritish Library$bHMNTS$jYF.2011.a.16248
=856  41$uhttp://core.cambeiro.com.ar/0-157976-3.pdf
=CAT  \\$a11375$b40$c20110525$lBLL01$h0910
=CAT  \\$a11002$b40$c20110718$lBLL01$h0929
=FIN  \\$aY$d20110718
=FMT  \\$a  BK
=LAS  \\$a11002$b40$c20110718$lBLL01$h0929
=SID  \\$aZ39$bLOC

