=LDR  01621 am a2200433 a 4500
=001  015814850
=003  Uk
=005  20110719121059.0
=008  100921s2010\\\\ag\ab\\\\b\\\\000\0\spa\d
=010  \\$a2010423935
=020  \\$a9789500732543
=035  \\$a(AR-BaFGC)0-109555/53
=040  \\$aAR-BaFGC$cAR-BaFGC$dDLC$dUk
=042  \\$aukblcatcopy
=043  \\$as-ag---
=050  00$aF2849.2$b.R381 2010
=100  1\$aReato, Ceferino,$d1961-
=245  10$aOperación Primicia :$bel ataque de Montoneros que provocó el golpe de 1976 /$cCeferino Reato.
=246  1\$iSubtitle on cover:$aCaso que destapa el escándalo de las indemnizaciones a los guerrilleros
=250  \\$a2. ed.
=260  \\$aBuenos Aires :$bEditorial Sudamericana,$c2010.
=300  \\$a386 p. :$bill., maps ;$c23 cm.
=336  \\$atext$2rdacontent
=337  \\$aunmediated$2rdamedia
=338  \\$avolume$2rdacarrier
=504  \\$aIncludes bibliographical references (p. 383-386).
=610  20$aOrganización Montoneros (Argentina)
=650  \0$aGuerrillas$zArgentina$zFormosa (Province)$xHistory$y20th century.
=650  \0$aCounterinsurgency$zArgentina$zFormosa (Province)$xHistory$y20th century.
=651  \0$aArgentina$xPolitics and government$y1955-1983.
=852  41$aBritish Library$bHMNTS$jYF.2011.a.16389
=856  41$uhttp://core.cambeiro.com.ar/0-109555-53.pdf
=CAT  \\$a11375$b40$c20110525$lBLL01$h0942
=CAT  \\$a5703$b40$c20110719$lBLL01$h1210
=CAT  \\$aBATCH-UPD$b40$c20171023$lBLL01$h2023
=FIN  \\$aY$d20110719
=FMT  \\$a  BK
=LAS  \\$aBATCH-UPD$b40$c20171023$lBLL01$h2023
=SID  \\$aZ39$bLOC

