=LDR  01485 am a22003974a 4500
=001  015814957
=003  Uk
=005  20110927165409.0
=008  100929s2010\\\\ag\ab\\\\b\\\\000\0\spa\d
=010  \\$a2010423995
=020  \\$a9789871158775
=035  \\$a(AR-BaFGC)0-160040/0
=040  \\$aAR-BaFGC$cAR-BaFGC$dDLC$dUk
=042  \\$aukblderived
=043  \\$as-ag---
=050  00$aF2821$b.P48 2010
=100  1\$aPetralito, Christian.
=245  10$aMarici Weu :$bexterminio del aborigen para la apropiación del territorio nacional /$cChristian Petralito ; [prólogo de Osvaldo Bayer].
=260  \\$aLanús Oeste, Provincia de Buenos Aires, Argentina :$bNuestra América,$cc2010.
=300  \\$a331 p. :$bill., maps ;$c23 cm.
=336  \\$atext$2rdacontent
=337  \\$aunmediated$2rdamedia
=338  \\$avolume$2rdacarrier
=504  \\$aIncludes bibliographical references (p. 327-331).
=650  \0$aIndians of South America$zArgentina$xHistory.
=650  \0$aIndians of South America$xWars$zArgentina.
=650  \0$aIndians of South America$zArgentina$xGovernment relations.
=650  \0$aIndians of South America$xCultural assimilation$zArgentina.
=852  41$aBritish Library$bHMNTS$jYF.2011.a.21340
=856  41$uhttp://core.cambeiro.com.ar/0-160040-0.pdf
=CAT  \\$a11375$b40$c20110525$lBLL01$h1209
=CAT  \\$a11002$b40$c20110927$lBLL01$h1654
=FIN  \\$aY$d20110927
=FMT  \\$a  BK
=LAS  \\$a11002$b40$c20110927$lBLL01$h1654
=SID  \\$aZ39$bLOC

