=LDR  01341 am a2200409 a 4500
=001  015815042
=003  Uk
=005  20110909160007.0
=008  110201s2010\\\\ag\\\\\\\b\\\\000\0\spa\d
=010  \\$a2010504415
=020  \\$a9789871717088 (pbk.)
=035  \\$a(AR-BaFGC)0-161485/0
=040  \\$aAR-BaFGC$beng$cAR-BaFGC$dDLC$dUk
=042  \\$aukblsr
=043  \\$as-ag---
=050  00$aF2849.3$b.C87 2010
=100  1\$aCuri, Carlos Alberto.
=245  10$aNestor Kirchner :$bla construcción de poder, 2003-2005 /$cCarlos Alberto Curi.
=250  \\$a1a ed.
=260  \\$aBuenos Aires :$bMesa Editorial,$c2010.
=300  \\$a223 p. ;$c23 cm.
=336  \\$atext$2rdacontent
=337  \\$aunmediated$2rdamedia
=338  \\$avolume$2rdacarrier
=502  \\$aThesis (doctoral)--Universidad de Belgrano, 2010.
=504  \\$aIncludes bibliographical references (p. 199-204).
=600  10$aKirchner, Néstor.
=651  \0$aArgentina$xPolitics and government$y2002-
=852  41$aBritish Library$bHMNTS$jYF.2011.a.19493
=856  41$uhttp://core.cambeiro.com.ar/0-161485-0.pdf
=CAT  \\$a11375$b40$c20110525$lBLL01$h1400
=CAT  \\$aBATCH-UPD$b40$c20110525$lBLL01$h1401
=CAT  \\$a5521$b40$c20110909$lBLL01$h1600
=FIN  \\$aY$d20110909
=FMT  \\$a  BK
=LAS  \\$a5521$b40$c20110909$lBLL01$h1600
=SID  \\$aZ39$bLOC

