=LDR  01528 am a22004334a 4500
=001  015815115
=003  Uk
=005  20110718110315.0
=008  101209s2010\\\\ag\\\\\\\b\\\\000\0\spa\d
=010  \\$a2010504260
=020  \\$a9789875743779
=035  \\$a(AR-BaFGC)0-145385/6
=040  \\$aAR-BaFGC$cAR-BaFGC$dDLC$dUk
=042  \\$aukblderived
=043  \\$as-ag---$as-uy---$as-ve---
=050  00$aJF497.A7$bR46 2010
=100  1\$aRenfer, Irene.
=245  10$aDemocracia directa en Argentina, Uruguay y Venezuela :$btres ejemplos de democracia directa en América Latina /$cIrene Renfer.
=260  \\$aBuenos Aires :$bPrometeo Libros,$cc2010.
=300  \\$a476 p. ;$c22 cm.
=336  \\$atext$2rdacontent
=337  \\$aunmediated$2rdamedia
=338  \\$avolume$2rdacarrier
=490  0\$aColección Democracia, partidos y elecciones
=504  \\$aIncludes bibliographical references (p. 421-444).
=650  \0$aDirect democracy$zArgentina.
=650  \0$aDirect democracy$zUruguay.
=650  \0$aDirect democracy$zVenezuela.
=651  \0$aArgentina$xPolitics and government$y1983-
=651  \0$aUruguay$xPolitics and government$y1985-
=651  \0$aVenezuela$xPolitics and government$y1999-
=852  41$aBritish Library$bHMNTS$jYF.2011.a.16121
=856  41$uhttp://core.cambeiro.com.ar/0-145385-6.pdf
=CAT  \\$a11375$b40$c20110525$lBLL01$h1624
=CAT  \\$a11002$b40$c20110718$lBLL01$h1103
=FIN  \\$aY$d20110718
=FMT  \\$a  BK
=LAS  \\$a11002$b40$c20110718$lBLL01$h1103
=SID  \\$aZ39$bLOC

