=LDR  01503 am a2200421 a 4500
=001  015815172
=003  Uk
=005  20120112163924.0
=008  110119s2010\\\\ag\\\\\\\b\\\\000\0\spa\d
=020  \\$z9789875744257
=035  \\$a(OCoLC)713560827
=040  \\$aAR-BaFGC$cN15$dIXA$dPIT$dPL#$dI5B$dUk
=042  \\$aukblderived
=043  \\$acl-----
=050  \4$aF1413$b.M58 2010
=050  \4$aJL966$b.M58 2010
=245  00$aMito y realidad de la cultura politica latinoamericana :$bdebates en IberoIdeas /$cElías José Palti, organizador.
=260  \\$aBuenos Aires :$bPrometeo Libros,$cc2010.
=300  \\$a267 p. ;$c21 cm.
=336  \\$atext$2rdacontent
=337  \\$aunmediated$2rdamedia
=338  \\$avolume$2rdacarrier
=490  1\$aColección Historia extramuros
=504  \\$aIncludes bibliographical references.
=650  \0$aPolitical culture$zLatin America$xHistory$y19th century.
=650  \0$aLiberalism$zLatin America$xHistory$y19th century.
=651  \0$aLatin America$xHistory$y19th century$xHistoriography.
=651  \0$aLatin America$xIntellectual life$y19th century.
=700  1\$aPalti, Elías José.
=830  \0$aColección Historia extramuros.
=852  41$aBritish Library$bHMNTS$jYF.2012.a.991
=856  41$uhttp://core.cambeiro.com.ar/0-153486-5.pdf
=CAT  \\$a5918$b40$c20110526$lBLL01$h1053
=CAT  \\$a5512$b40$c20120112$lBLL01$h1639
=FIN  \\$aY$d20120112
=FMT  \\$a  BK
=LAS  \\$a5512$b40$c20120112$lBLL01$h1639
=SID  \\$aZ39$bOCLC

