=LDR  01373 am a22003734a 4500
=001  015815189
=003  Uk
=005  20110718095001.0
=008  110215s2010\\\\ag\a\\\\\b\\\\000\0\spa\d
=010  \\$a2010504437
=020  \\$z9789875744424
=035  \\$a(AR-BaFGC)0-161385/0
=040  \\$aAR-BaFGC$cAR-BaFGC$dDLC$dUk
=042  \\$aukblderived
=043  \\$as-ag---
=050  00$aRA459$b.A71 2010
=100  1\$aArce, Hugo E.$q(Hugo Eduardo)
=245  13$aEl sistema de salud, de dónde viene y hacia dónde va :$bque pasó en el mundo, en el país y en los hospitales durante el siglo XX : por qué estamos como estamos /$cHugo E. Arce.
=260  \\$aCiudad Autónoma de Buenos Aires :$bPrometeo Libros,$cc2010.
=300  \\$a526 p. :$bill. ;$c21 cm.
=336  \\$atext$2rdacontent
=337  \\$aunmediated$2rdamedia
=338  \\$avolume$2rdacarrier
=504  \\$aIncludes bibliographical references (p. 501-516).
=650  \0$aPublic health$zArgentina$xHistory$y20th century.
=650  \0$aMedical policy$zArgentina$xHistory$y20th century.
=852  41$aBritish Library$bHMNTS$jYF.2011.a.16213
=856  41$uhttp://core.cambeiro.com.ar/0-161385-0.pdf
=CAT  \\$a5918$b40$c20110526$lBLL01$h1117
=CAT  \\$a11002$b40$c20110718$lBLL01$h0950
=FIN  \\$aY$d20110718
=FMT  \\$a  BK
=LAS  \\$a11002$b40$c20110718$lBLL01$h0950
=SID  \\$aZ39$bLOC

