=LDR  01293 am a22003974a 4500
=001  015815194
=003  Uk
=005  20110719085208.0
=008  101222s2010\\\\ag\\\\\\\b\\\\000\0\spa\d
=010  \\$a2010504299
=020  \\$a9789504924678
=035  \\$a(AR-BaFGC)0-646/125
=040  \\$aAR-BaFGC$cAR-BaFGC$dDLC$dUk
=042  \\$aukblcatcopy
=043  \\$as-ag---
=050  00$aHQ1034.A7$bB56 2010
=100  1\$aBimbi, Bruno,$d1978-
=245  10$aMatrimonio igualitario :$bintrigas, tensiones y secretos en el camino hacia la ley /$cBruno Bimbi.
=260  \\$aC.A.B.A. :$bPlaneta,$cc2010.
=300  \\$a589 p. ;$c23 cm.
=336  \\$atext$2rdacontent
=337  \\$aunmediated$2rdamedia
=338  \\$avolume$2rdacarrier
=490  0\$aEspejo de la Argentina
=504  \\$aIncludes bibliographical references.
=650  \0$aSame-sex marriage$zArgentina.
=650  \0$aGay couples$xLegal status, laws, etc.$zArgentina.
=650  \0$aGay liberation movement$zArgentina.
=852  41$aBritish Library$bHMNTS$jYF.2011.a.15913
=856  41$uhttp://core.cambeiro.com.ar/0-646-125.pdf
=CAT  \\$a5918$b40$c20110526$lBLL01$h1120
=CAT  \\$a5703$b40$c20110719$lBLL01$h0852
=FIN  \\$aY$d20110719
=FMT  \\$a  BK
=LAS  \\$a5703$b40$c20110719$lBLL01$h0852
=SID  \\$aZ39$bLOC

