=LDR  01660 am a2200481 a 4500
=001  015815197
=003  Uk
=005  20110928102337.0
=008  110823s2010\\\\ag\\\\\\\b\\\\000\0\spa\d
=010  \\$a2011438404
=020  \\$a9789871354771 (pbk.)
=035  \\$a(DLC)16962545
=035  \\$a(DLC)2011438404
=035  \\$a(AR-BaFGC)0-162088/0
=040  \\$aAR-BaFGC$beng$cAR-BaFGC$dDLC$dUk
=042  \\$aukblsr
=043  \\$as-ve---$acl-----
=050  00$aHC239.5.P6$bC35 2010
=100  1\$aCalvo, R. Alberto,$d1931-
=245  10$aCrisis, pobreza y desigualdad en Venezuela y América Latina /$cR. Alberto Calvo.
=260  \\$aBuenos Aires :$bTeseo,$c2010.
=300  \\$a465 p. ;$c20 cm.
=336  \\$atext$2rdacontent
=337  \\$aunmediated$2rdamedia
=338  \\$avolume$2rdacarrier
=504  \\$aIncludes bibliographical references (p. [421]-465).
=650  \0$aPoverty$zVenezuela.
=650  \0$aPoverty$zLatin America.
=650  \0$aPoverty$xGovernment policy$zVenezuela.
=650  \0$aPoverty$xGovernment policy$zLatin America.
=650  \0$aGlobal Financial Crisis, 2008-2009$zVenezuela.
=650  \0$aGlobal Financial Crisis, 2008-2009$zLatin America.
=651  \0$aVenezuela$xForeign economic relations.
=651  \0$aLatin America$xForeign economic relations.
=852  41$aBritish Library$bHMNTS$jYF.2011.a.21158
=856  41$uhttp://core.cambeiro.com.ar/0-162088-0.pdf
=CAT  \\$a5918$b40$c20110526$lBLL01$h1125
=CAT  \\$a5521$b40$c20110916$lBLL01$h1145
=CAT  \\$a12181$b40$c20110928$lBLL01$h1023
=FIN  \\$aY$d20110916
=FMT  \\$a  BK
=LAS  \\$a12181$b40$c20110928$lBLL01$h1023
=SID  \\$aZ39$bLOC

