=LDR  01312 am a22003974a 4500
=001  015815238
=003  Uk
=005  20110718083031.0
=008  101104s2010\\\\ag\ab\\\\b\\\\000\0\spa\d
=010  \\$a2010504146
=020  \\$a9789502317397
=035  \\$a(AR-BaFGC)0-171/96
=040  \\$aAR-BaFGC$cAR-BaFGC$dDLC$dUk
=042  \\$aukblderived
=043  \\$as-ag---
=050  00$aF3126$b.R37 2010
=100  1\$aRamos, Ana Margarita.
=245  14$aLos pliegues del linaje :$bmemorias políticas mapuches-tehuelches en contextos de desplazamiento /$cAna Margarita Ramos.
=250  \\$a1o [sic] ed.
=260  \\$aCiudad de Buenos Aires :$bEudeba,$c2010.
=300  \\$a181 p. :$bill., maps ;$c23 cm.
=336  \\$atext$2rdacontent
=337  \\$aunmediated$2rdamedia
=338  \\$avolume$2rdacarrier
=490  0\$aTemas
=504  \\$aIncludes bibliographical references (p. [173]-181).
=650  \0$aMapuche Indians$xKinship$zArgentina.
=650  \0$aTehuelche Indians$xKinship$zArgentina.
=852  41$aBritish Library$bHMNTS$jYF.2011.a.16204
=856  41$uhttp://core.cambeiro.com.ar/0-171-96.pdf
=CAT  \\$a5918$b40$c20110526$lBLL01$h1216
=CAT  \\$a11002$b40$c20110718$lBLL01$h0830
=FIN  \\$aY$d20110718
=FMT  \\$a  BK
=LAS  \\$a11002$b40$c20110718$lBLL01$h0830
=SID  \\$aZ39$bLOC

