=LDR  01304 am a22003734a 4500
=001  015815240
=003  Uk
=005  20110718073442.0
=008  101227s2010\\\\ag\\\\\\\b\\\\000\0\spa\d
=010  \\$a2010504329
=020  \\$a9789871013876
=035  \\$a(AR-BaFGC)0-161078/0
=040  \\$aAR-BaFGC$cAR-BaFGC$dDLC$dUk
=042  \\$aukblderived
=043  \\$as-ag---
=050  00$aBR1642.A7$bW96 2010
=100  1\$aWynarczyk, Hilario.
=245  10$aSal y luz a las naciones :$bevangélicos y política en la Argentina, 1980-2001 /$cHilario Wynarczyk.
=260  \\$aCiudad Autónoma de Buenos Aires :$bInstituto Di Tella :$bSiglo XXI,$c2010.
=300  \\$a222 p. ;$c22 cm.
=336  \\$atext$2rdacontent
=337  \\$aunmediated$2rdamedia
=338  \\$avolume$2rdacarrier
=504  \\$aIncludes bibliographical references (p. [207]-218).
=650  \0$aEvangelicalism$zArgentina$xHistory$y20th century.
=650  \0$aChristianity and politics$zArgentina$xHistory$y20th century.
=852  41$aBritish Library$bHMNTS$jYF.2011.a.16158
=856  41$uhttp://core.cambeiro.com.ar/0-161078-0.pdf
=CAT  \\$a5918$b40$c20110526$lBLL01$h1218
=CAT  \\$a11002$b40$c20110718$lBLL01$h0734
=FIN  \\$aY$d20110718
=FMT  \\$a  BK
=LAS  \\$a11002$b40$c20110718$lBLL01$h0734
=SID  \\$aZ39$bLOC

