=LDR  01350 am a22003974a 4500
=001  015815260
=003  Uk
=005  20111011110822.0
=008  090825s2009\\\\ag\\\\\\\b\\\\000\0\spa\d
=010  \\$a  2009400323
=020  \\$a9789500204798
=035  \\$a(AR-BaFGC)0-155158/2
=040  \\$aAR-BaFGC$cAR-BaFGC$dDLC$dUk
=042  \\$aukblderived
=043  \\$as-ag---
=050  00$aHD6602$b.S438 2009
=100  1\$aSenén González, Santiago.
=245  10$aBreve historia del sindicalismo argentino /$cSantiago Senén González, Fabián Bosoer ; prólogo de Andrew Graham-Yooll.
=250  \\$a1a. ed.
=260  \\$aBuenos Aires :$bEditorial El Ateneo,$c2009.
=300  \\$a316 p. ;$c22 cm.
=336  \\$atext$2rdacontent
=337  \\$aunmediated$2rdamedia
=338  \\$avolume$2rdacarrier
=490  0\$aClaves del Bicentenario. Colección Breves historias de la Argentina
=504  \\$aIncludes bibliographical references (p. 313-316).
=650  \0$aLabor unions$zArgentina$xHistory.
=700  1\$aBosoer, Fabián.
=852  41$aBritish Library$bHMNTS$jYF.2011.a.22092
=856  41$uhttp://core.cambeiro.com.ar/0-155158-2.pdf
=CAT  \\$a5918$b40$c20110526$lBLL01$h1323
=CAT  \\$a11131$b40$c20111011$lBLL01$h1108
=FIN  \\$aY$d20111011
=FMT  \\$a  BK
=LAS  \\$a11131$b40$c20111011$lBLL01$h1108
=SRC  \\$aBLL02

