=LDR  01585 am a22004214a 4500
=001  015815348
=003  Uk
=005  20110718122437.0
=008  100607s2010\\\\ag\\\\\\\b\\\\000\0dspa\d
=010  \\$a2010423325
=020  \\$a9789871421282
=035  \\$a(AR-BaFGC)0-145939/9
=040  \\$aAR-BaFGC$cAR-BaFGC$dDLC$dUk
=042  \\$aukblderived
=043  \\$asp-----$ae-sp---$as-ag---
=050  00$aHF3385$b.S35 2010
=100  1\$aSchlez, Mariano.
=245  10$aDios, rey y monopolio :$blos comerciantes monopolistas y la contrarrevolución en el Río de la Plata tardo colonial /$cMariano Schlez.
=260  \\$aBuenos Aires :$bEdiciones RyR,$cc2010.
=300  \\$a372 p. ;$c20 cm.
=336  \\$atext$2rdacontent
=337  \\$aunmediated$2rdamedia
=338  \\$avolume$2rdacarrier
=490  0\$aInvestigaciones CEICS ;$v9
=504  \\$aIncludes bibliographical references (p. 355-372).
=600  10$aAgüero, Diego de$xPolitical and social views.
=650  \0$aMerchants$xPolitical activity$zRio de la Plata Region (Argentina and Uruguay)$xHistory.
=650  \0$aElite (Social sciences)$zRio de la Plata Region (Argentina and Uruguay)$xHistory.
=651  \0$aSpain$xColonies$zAmerica$xCommerce$yHistory.
=651  \0$aArgentina$xHistory$y1776-1810.
=852  41$aBritish Library$bHMNTS$jYF.2011.a.16106
=856  41$uhttp://core.cambeiro.com.ar/0-145939-9.pdf
=CAT  \\$a5918$b40$c20110526$lBLL01$h1546
=CAT  \\$a11002$b40$c20110718$lBLL01$h1224
=FIN  \\$aY$d20110718
=FMT  \\$a  BK
=LAS  \\$a11002$b40$c20110718$lBLL01$h1224
=SID  \\$aZ39$bLOC

