=LDR  01424 am a22004214a 4500
=001  015815350
=003  Uk
=005  20110801084019.0
=008  100923s2010\\\\ag\\\\\\\b\\\\000\0\spa\d
=010  \\$a2010423952
=020  \\$a9789876291361
=035  \\$a(AR-BaFGC)0-150029/5
=040  \\$aAR-BaFGC$cAR-BaFGC$dDLC$dUk
=042  \\$aukblderived
=043  \\$as-ag---
=050  00$aF2849.2$b.S47 2010
=100  1\$aServetto, Alicia,$d1966-
=245  10$a73/76 :$bel gobierno peronista contra las "provincias montoneras" /$cAlicia Servetto.
=246  3\$aSetenta y tres, setenta y seis
=260  \\$aBuenos Aires :$bSiglo Veintiuno Editores,$cc2010.
=300  \\$a281 p. ;$c21 cm.
=336  \\$atext$2rdacontent
=337  \\$aunmediated$2rdamedia
=338  \\$avolume$2rdacarrier
=490  0\$aHistoria y cultura. Serie El pasado presente
=504  \\$aIncludes bibliographical references (p. [277]-281).
=650  \0$aPeronism$xHistory.
=650  \0$aFederal government.
=650  \0$aIntervention (Federal government)$xArgentina.
=651  \0$aArgentina$xPolitics and government$y1955-1983.
=852  41$aBritish Library$bHMNTS$jYF.2011.a.16944
=856  41$uhttp://core.cambeiro.com.ar/0-150029-5.pdf
=CAT  \\$a5918$b40$c20110526$lBLL01$h1548
=CAT  \\$a11131$b40$c20110801$lBLL01$h0840
=FIN  \\$aY$d20110801
=FMT  \\$a  BK
=LAS  \\$a11131$b40$c20110801$lBLL01$h0840
=SID  \\$aZ39$bLOC

