=LDR  01476 am a22004214a 4500
=001  015815881
=003  Uk
=005  20110927164703.0
=008  100210s2009\\\\ag\\\\\\\b\\\\000\0\spa\d
=010  \\$a2009400633
=020  \\$a9789871435111
=035  \\$a(AR-BaFGC)0-156417/1
=040  \\$aAR-BaFGC$cAR-BaFGC$dDLC$dUk
=042  \\$aukblderived
=043  \\$as-ag---
=050  00$aBR1642.A7$bW96 2009
=100  1\$aWynarczyk, Hilario.
=245  10$aCiudadanos de dos mundos :$bel movimiento evangélico en la vida pública argentina 1980-2001 /$cHilario Wynarczyk.
=250  \\$a1a ed.
=260  \\$aSan Martín, Provincia de Buenos Aires :$bUNSAM edita,$c2009.
=300  \\$a391 p. ;$c21 cm.
=336  \\$atext$2rdacontent
=337  \\$aunmediated$2rdamedia
=338  \\$avolume$2rdacarrier
=490  0\$aCiencias sociales
=504  \\$aIncludes bibliographical references (p. 333-391).
=650  \0$aEvangelicalism$zArgentina$xHistory$y20th century.
=650  \0$aChristianity and politics$zArgentina$xHistory$y20th century.
=650  \0$aFreedom of religion$zArgentina.
=650  \0$aChurch and state$zArgentina$xHistory$y20th century.
=852  41$aBritish Library$bHMNTS$jYF.2011.a.21366
=856  41$uhttp://core.cambeiro.com.ar/0-156417-1.pdf
=CAT  \\$a11375$b40$c20110531$lBLL01$h1112
=CAT  \\$a11002$b40$c20110927$lBLL01$h1647
=FIN  \\$aY$d20110927
=FMT  \\$a  BK
=LAS  \\$a11002$b40$c20110927$lBLL01$h1647
=SID  \\$aZ39$bLOC

