=LDR  01384 am a2200421 a 4500
=001  015815885
=003  Uk
=005  20110922122308.0
=008  110203s2011\\\\ag\\\\\\\b\\\\000\0\spa\d
=020  \\$a9789500519182 (pbk.)
=020  \\$a9500519186
=035  \\$a(OCoLC)713562842
=040  \\$aAR-BaFGC$beng$cN15$dUk
=042  \\$aukblsr
=043  \\$acl-----
=050  \4$aPQ7081$b.S25 2011
=100  1\$aSalvador, Nélida.
=245  10$aVanguardia y posmodernidad /$cNélida Salvador.
=260  \\$aBuenos Aires :$bCorregidor,$cc2011.
=300  \\$a252 p. ;$c20 cm.
=336  \\$atext$2rdacontent
=337  \\$aunmediated$2rdamedia
=338  \\$avolume$2rdacarrier
=490  1\$aNueva critica hispanoamericana
=504  \\$aIncludes bibliographical references.
=650  \0$aSpanish American literature$y20th century$xHistory and criticism.
=650  \0$aPostmodernism (Literature)$zLatin America.
=650  \0$aLiterature, Experimental$zLatin America.
=830  \0$aNueva crítica hispanoamericana.
=852  41$aBritish Library$bHMNTS$jYF.2011.a.20702
=856  41$uhttp://core.cambeiro.com.ar/0-122116-36.pdf
=CAT  \\$a8197$b40$c20110531$lBLL01$h1115
=CAT  \\$a6066$b40$c20110914$lBLL01$h1736
=CAT  \\$a6066$b40$c20110922$lBLL01$h1223
=FIN  \\$aY$d20110914
=FMT  \\$a  BK
=LAS  \\$a6066$b40$c20110922$lBLL01$h1223
=SID  \\$aZ39$bOCLC

