=LDR  01587 am a22004334a 4500
=001  015815886
=003  Uk
=005  20110801095702.0
=008  090928s2008\\\\ag\\\\\\\b\\\\000\0\spa\d
=010  \\$a2009400390d
=020  \\$a9789870548348
=035  \\$a(AR-BaFGC)0-155730/0
=040  \\$aAR-BaFGC$cAR-BaFGC$dDLC$dUk
=042  \\$aukblderived
=043  \\$as-ag---
=050  00$aJL2098.R48+
=100  1\$aCorda, María Cecilia.
=245  14$aLas vanguardias políticas de los años 70 :$bla experiencia del PRT ERP, desajuste y distanciamiento de la realidad /$cMaría Cecilia Corda.
=250  \\$a1o ed.
=260  \\$aBuenos Aires :$bM. C. Corda,$c2008.
=300  \\$a209 p. ;$c20 cm.
=336  \\$atext$2rdacontent
=337  \\$aunmediated$2rdamedia
=338  \\$avolume$2rdacarrier
=504  \\$aIncludes bibliographical references (p. 199-208).
=610  20$aPartido Revolucionario de los Trabajadores$xHistory$y20th century.
=610  20$aEjército Revolucionario del Pueblo (Argentina)$xHistory$y20th century.
=650  \0$aGuerrillas$zArgentina$xHistory$y20th century.
=651  \0$aArgentina$xPolitics and government$y1955-1983.
=852  41$aBritish Library$bHMNTS$jYF.2011.a.16916
=856  41$uhttp://core.cambeiro.com.ar/0-155730-0.pdf
=CAT  \\$a11375$b40$c20110531$lBLL01$h1115
=CAT  \\$a11131$b40$c20110801$lBLL01$h0957
=CAT  \\$aBATCH-UPD$b40$c20160703$lBLL01$h2042
=CAT  \\$aBATCH-UPD$b40$c20171023$lBLL01$h2034
=FIN  \\$aY$d20110801
=FMT  \\$a  BK
=LAS  \\$aBATCH-UPD$b40$c20171023$lBLL01$h2034
=SID  \\$aZ39$bLOC

