=LDR  01502 am a22004214a 4500
=001  015815954
=003  Uk
=005  20111011122046.0
=008  100520s2009\\\\ag\a\\\\\b\\\\001\0\spa\d
=010  \\$a2010423270
=020  \\$a9789500731553
=035  \\$a(AR-BaFGC)0-109555/45
=040  \\$aAR-BaFGC$cAR-BaFGC$dDLC$dUk
=042  \\$aukblderived
=043  \\$as-ag---
=050  00$aHV6433.A7$bF47 2009
=100  1\$aFerrari, Germán.
=245  10$aSímbolos y fantasmas :$blas victimas de la guerrilla, de la amnistía a la "justicia para todos" /$cGermán Ferrari.
=260  \\$aBuenos Aires :$bEditorial Sudamericana,$cc2009.
=300  \\$a358 p. :$bcol. ill. ;$c23 cm.
=336  \\$atext$2rdacontent
=337  \\$aunmediated$2rdamedia
=338  \\$avolume$2rdacarrier
=504  \\$aIncludes bibliographical references (p. 331-339) and index.
=650  \0$aTerrorism$zArgentina$xPublic opinion.
=650  \0$aPublic opinion$zArgentina.
=650  \0$aGuerrillas$zArgentina$xHistory$y20th century.
=650  \0$aAssassination$zArgentina$xHistory$y20th century.
=852  41$aBritish Library$bHMNTS$jYF.2011.a.22087
=856  41$uhttp://core.cambeiro.com.ar/0-109555-45.pdf
=CAT  \\$a11375$b40$c20110531$lBLL01$h1207
=CAT  \\$a11131$b40$c20111011$lBLL01$h1219
=CAT  \\$a11131$b40$c20111011$lBLL01$h1220
=CAT  \\$aBATCH-UPD$b40$c20130802$lBLL01$h2212
=FIN  \\$aY$d20111011
=FMT  \\$a  BK
=LAS  \\$aBATCH-UPD$b40$c20130802$lBLL01$h2212
=SID  \\$aZ39$bLOC

