=LDR  01685 am a22004454a 4500
=001  015815961
=003  Uk
=005  20110902095009.0
=008  100512s2010\\\\ag\a\\\\\b\\\\000\0dspa\d
=010  \\$a2010423230
=020  \\$a9789500518499 (pbk.)
=035  \\$a(AR-BaFGC)0-157451/0
=040  \\$aAR-BaFGC$beng$cAR-BaFGC$dDLC$dUk
=042  \\$aukblsr
=043  \\$as-ag---
=050  00$aHD6603.5$b.S46 2010
=100  1\$aSenén González, Santiago.
=245  13$aEl ave fénix :$bel renacimiento del sindicalismo peronista entre la Libertadora y las 62 Organizaciones, 1955-1958 /$cSantiago Senén González, Germán Ferrari.
=260  \\$aBs. As. [i.e. Buenos Aires] :$bCorregidor,$cc2010.
=300  \\$a285 p. :$bill. ;$c20 cm.
=336  \\$atext$2rdacontent
=337  \\$aunmediated$2rdamedia
=338  \\$avolume$2rdacarrier
=504  \\$aIncludes bibliographical references (p. [279]-282).
=650  \0$aLabor unions$xPolitical activity$zArgentina$xHistory$y20th century.
=650  \0$aPeronism$xHistory$y20th century.
=650  \0$aGovernment, Resistance to$zArgentina$xHistory$y20th century.
=651  \0$aArgentina$xPolitics and government$y1955-1983.
=700  1\$aFerrari, Germán.
=852  41$aBritish Library$bHMNTS$jYF.2011.a.18873
=856  41$uhttp://core.cambeiro.com.ar/0-157451-0.pdf
=CAT  \\$a11375$b40$c20110531$lBLL01$h1216
=CAT  \\$a11131$b40$c20110801$lBLL01$h1203
=CAT  \\$a5521$b40$c20110830$lBLL01$h1118
=CAT  \\$a5521$b40$c20110902$lBLL01$h0950
=CAT  \\$aBATCH-UPD$b40$c20130802$lBLL01$h2212
=FIN  \\$aY$d20110830
=FMT  \\$a  BK
=LAS  \\$aBATCH-UPD$b40$c20130802$lBLL01$h2212
=SID  \\$aZ39$bLOC

