=LDR  01491 am a22004094a 4500
=001  015815969
=003  Uk
=005  20110718115256.0
=008  101008s2010\\\\ag\\\\\\\b\\\\000\0\spa\d
=010  \\$a2010504060
=020  \\$a9789503406342
=035  \\$a(AR-BaFGC)0-157982/0
=040  \\$aAR-BaFGC$cAR-BaFGC$dDLC$dUk
=042  \\$aukblderived
=043  \\$as-ag---
=050  00$aPN4748.A7$bC74 2010
=100  1\$aCremonte, Néstor.
=245  13$aLa Gazeta de Buenos-Ayres de 1810 :$bluces y sombras de la ilustración revolucionaria /$cNéstor Cremonte.
=250  \\$a1o [sic] ed.
=260  \\$aLa Plata, Buenos Aires, Argentina :$bEdulp, Editorial de la Universidad Nacional de la Plata,$c2010.
=300  \\$a302 p. ;$c21 cm.
=336  \\$atext$2rdacontent
=337  \\$aunmediated$2rdamedia
=338  \\$avolume$2rdacarrier
=504  \\$aIncludes bibliographical references (p. 287-302).
=630  00$aGazeta de Buenos Ayres.
=630  00$aMoreno, Mariano$tPlan revolucionario de operaciones.
=650  \0$aPress and politics$zArgentina$zBuenos Aires$xHistory$y19th century.
=651  \0$aArgentina$xPolitics and government$y1810-1817$xPress coverage.
=852  41$aBritish Library$bHMNTS$jYF.2011.a.16208
=856  41$uhttp://core.cambeiro.com.ar/0-157982-0.pdf
=CAT  \\$a11375$b40$c20110531$lBLL01$h1228
=CAT  \\$a11002$b40$c20110718$lBLL01$h1152
=FIN  \\$aY$d20110718
=FMT  \\$a  BK
=LAS  \\$a11002$b40$c20110718$lBLL01$h1152
=SID  \\$aZ39$bLOC

