=LDR  01569 am a22004334a 4500
=001  015815972
=003  Uk
=005  20110927135831.0
=008  100617s2010\\\\ag\a\\\\\\\\\\000\0dspa\d
=010  \\$a2010423420
=020  \\$a9789871158737
=035  \\$a(AR-BaFGC)0-158790/0
=040  \\$aAR-BaFGC$cAR-BaFGC$dDLC$dUk
=042  \\$aukblderived
=043  \\$as-ag---
=050  00$aJL2098.R48$bD54 2010
=100  1\$aDíez, Rolo,$d1940-
=245  13$aEl mejor y el peor de los tiempos :$bcómo destruyeron al PRT-ERP /$cRolo Diez.
=250  \\$a1. ed.
=260  \\$aLanús Oeste, Provincia de Buenos Aires, Argentina :$bNuestra América,$cc2010.
=300  \\$a199 p. :$bill. ;$c20 cm.
=336  \\$atext$2rdacontent
=337  \\$aunmediated$2rdamedia
=338  \\$avolume$2rdacarrier
=600  10$aSantucho, Mario Roberto,$d1936-1976.
=610  20$aPartido Revolucionario de los Trabajadores$xHistory$y20th century.
=610  20$aEjército Revolucionario del Pueblo (Argentina)$xHistory$y20th century.
=650  \0$aGuerrillas$zArgentina$xHistory$y20th century.
=651  \0$aArgentina$xPolitics and government$y1955-1983.
=852  41$aBritish Library$bHMNTS$jYF.2011.a.21132
=856  41$uhttp://core.cambeiro.com.ar/0-158790-0.pdf
=CAT  \\$a11375$b40$c20110531$lBLL01$h1233
=CAT  \\$a11002$b40$c20110927$lBLL01$h1358
=CAT  \\$aBATCH-UPD$b40$c20150221$lBLL01$h1805
=CAT  \\$aBATCH-UPD$b40$c20171023$lBLL01$h2034
=FIN  \\$aY$d20110927
=FMT  \\$a  BK
=LAS  \\$aBATCH-UPD$b40$c20171023$lBLL01$h2034
=SID  \\$aZ39$bLOC

