=LDR  01487 am a22004094a 4500
=001  015815980
=003  Uk
=005  20110801110123.0
=008  100412s2010\\\\ag\ab\\\\b\\\\000\0\spa\d
=010  \\$a2010423097
=020  \\$a9789500518628
=035  \\$a(AR-BaFGC)0-157303/0
=040  \\$aAR-BaFGC$cAR-BaFGC$dDLC$dUk
=041  1\$aspa$hita
=042  \\$aukblderived
=043  \\$as-ag---
=050  00$aPM6466$b.F73 2010
=100  1\$aFranceschi, Zelda Alice.
=245  10$aEtno-grafías :$bla escritura como testimonio entre los Wichí /$cZelda Alicie Franceschi & María Cristina Dasso ; traducción del italiano, Almudena Nevado.
=260  \\$aBs. As. [i.e. Buenos Aires] :$bCorregidor,$cc2010.
=300  \\$a333 p. :$bill., maps ;$c20 cm.
=336  \\$atext$2rdacontent
=337  \\$aunmediated$2rdamedia
=338  \\$avolume$2rdacarrier
=500  \\$a"Edición original: Etno-Grafie. La scrittura come testimonianza tra i Wichí, I Libri di Emil."--T.p. verso.
=504  \\$aIncludes bibliographical references (p. 305-333).
=650  \0$aMataco language$xWriting.
=650  \0$aMataco Indians$xHistory.
=700  1\$aDasso, María Cristina.
=852  41$aBritish Library$bHMNTS$jYF.2011.a.16943
=856  41$uhttp://core.cambeiro.com.ar/0-157303-0.pdf
=CAT  \\$a11375$b40$c20110531$lBLL01$h1246
=CAT  \\$a11131$b40$c20110801$lBLL01$h1101
=FIN  \\$aY$d20110801
=FMT  \\$a  BK
=LAS  \\$a11131$b40$c20110801$lBLL01$h1101
=SID  \\$aZ39$bLOC

