=LDR  01412 am a22004094a 4500
=001  015816002
=003  Uk
=005  20110801092643.0
=008  100218s2009\\\\ag\\\\\\\b\\\\000\0dspa\d
=010  \\$a  2009400653
=020  \\$a9789871304431
=035  \\$a(AR-BaFGC)0-155342/2
=040  \\$aAR-BaFGC$cAR-BaFGC$dDLC$dUk
=042  \\$aukblderived
=043  \\$as-ag---
=050  00$aHX183.8.V35$bB43 2009
=100  1\$aBecerra, Marina,$d1972-
=245  10$aMarxismo y femenismo en el primer socialismo argentino :$bEnrique Del Valle Iberlucea /$cMarina Becerra.
=260  \\$aRosario [Argentina] :$bProhistoria Ediciones,$c2009.
=300  \\$a222 p. ;$c23 cm.
=336  \\$atext$2rdacontent
=337  \\$aunmediated$2rdamedia
=338  \\$avolume$2rdacarrier
=490  0\$aColección Historia & cultura ;$v2
=504  \\$aIncludes bibliographical references (p. [205]-222).
=600  10$aValle Iberlucea, Enrique del,$d-1921.
=650  \0$aSocialism$zArgentina$xHistory$y20th century.
=852  41$aBritish Library$bHMNTS$jYF.2011.a.16961
=856  41$uhttp://core.cambeiro.com.ar/0-155342-2.pdf
=985  \\$aRecord amended for WR# 13/070
=CAT  \\$a11375$b40$c20110531$lBLL01$h1343
=CAT  \\$a11131$b40$c20110801$lBLL01$h0926
=CAT  \\$aWR13_070$b00$c20130504$lBLL01$h0331
=FIN  \\$aY$d20110801
=FMT  \\$a  BK
=LAS  \\$aWR13_070$b00$c20130504$lBLL01$h0331
=SRC  \\$aBLL02

