=LDR  01500 am a22004094a 4500
=001  015816018
=003  Uk
=005  20110729143304.0
=008  101026s2010\\\\ag\a\\\\\b\\\\000\0\spa\d
=010  \\$a2010504094
=020  \\$a9789876291378
=035  \\$a(AR-BaFGC)0-108756/45
=040  \\$aAR-BaFGC$cAR-BaFGC$dDLC$dUk
=042  \\$aukblderived
=043  \\$as-ag---
=050  00$aHQ590.15.B84$bC67 2010
=100  1\$aCosse, Isabella.
=245  10$aPareja, sexualidad y familia en los años sesenta :$buna revolución discreta en Buenos Aires /$cIsabella Cosse.
=260  \\$aBuenos Aires :$bSiglo Veintiuno Editores,$cc2010.
=300  \\$a257 p. :$bill. ;$c21 cm.
=336  \\$atext$2rdacontent
=337  \\$aunmediated$2rdamedia
=338  \\$avolume$2rdacarrier
=490  0\$aHistoria y cultura
=504  \\$aIncludes bibliographical references (p. [241]-257).
=650  \0$aFamilies$zArgentina$zBuenos Aires$xHistory$y20th century.
=650  \0$aMan-woman relationships$zArgentina$zBuenos Aires$xHistory$y20th century.
=650  \0$aSex customs$zArgentina$zBuenos Aires$xHistory$y20th century.
=650  \0$aSex$zArgentina$zBuenos Aires$xHistory$y20th century.
=852  41$aBritish Library$bHMNTS$jYF.2011.a.16971
=856  41$uhttp://core.cambeiro.com.ar/0-108756-45.pdf
=CAT  \\$a11375$b40$c20110531$lBLL01$h1356
=CAT  \\$a11131$b40$c20110729$lBLL01$h1433
=FIN  \\$aY$d20110729
=FMT  \\$a  BK
=LAS  \\$a11131$b40$c20110729$lBLL01$h1433
=SID  \\$aZ39$bLOC

