=LDR  01318 am a22003854a 4500
=001  015816030
=003  Uk
=005  20110927141654.0
=008  100531s2010\\\\ag\a\\\\\b\\\f000\0\spa\d
=010  \\$a2010423291
=020  \\$a9789879350973
=035  \\$a(AR-BaFGC)0-158318/0
=040  \\$aAR-BaFGC$cAR-BaFGC$dDLC$dUk
=042  \\$aukblderived
=043  \\$as-ag---
=050  00$aZ766.B5$bG66 2010
=100  1\$aGonzález, Horacio,$d1944-2021.
=245  10$aHistoria de la Biblioteca Nacional :$bestado de una polémica /$cHoracio González.
=260  \\$aCiudad Autónoma de Buenos Aires :$bEdiciones Biblioteca Nacional,$cc2010.
=300  \\$a336 p. :$bill. ;$c23 cm.
=336  \\$atext$2rdacontent
=337  \\$aunmediated$2rdamedia
=338  \\$avolume$2rdacarrier
=504  \\$aIncludes bibliographical references.
=610  20$aBiblioteca Nacional (Argentina)$xHistory.
=650  \0$aNational libraries$zArgentina$xHistory.
=852  41$aBritish Library$bHMNTS$jYF.2011.a.21364
=856  41$uhttp://core.cambeiro.com.ar/0-158318-0.pdf
=CAT  \\$a11375$b40$c20110531$lBLL01$h1408
=CAT  \\$a11002$b40$c20110927$lBLL01$h1416
=CAT  \\$aBATCH-UPD$b40$c20210625$lBLL01$h2049
=FIN  \\$aY$d20110927
=FMT  \\$a  BK
=LAS  \\$aBATCH-UPD$b40$c20210625$lBLL01$h2049
=SID  \\$aZ39$bLOC

