=LDR  01265 am a22003974a 4500
=001  015816111
=003  Uk
=005  20110801115707.0
=008  100927s2010\\\\ag\\\\\\\b\\\\000\0\spa\d
=010  \\$a2010423991
=020  \\$a9789502317243
=035  \\$a(AR-BaFGC)0-158541/2
=040  \\$aAR-BaFGC$cAR-BaFGC$dDLC$dUk
=042  \\$aukblderived
=043  \\$as-ag---
=050  00$aF2833$b.S24 2010
=100  1\$aSanchís Muñoz, José R.
=245  10$aHistoria diplomática argentina /$cJosé R. Sanchís Muñoz.
=250  \\$a1. ed.
=260  \\$aCiudad de Buenos Aires :$bEudeba,$c2010.
=300  \\$a562 p. ;$c23 cm.
=336  \\$atext$2rdacontent
=337  \\$aunmediated$2rdamedia
=338  \\$avolume$2rdacarrier
=490  0\$aTemas de historia
=504  \\$aIncludes bibliographical references (p. [539]-562).
=650  \0$aDiplomatic and consular service, Argentine$xHistory.
=651  \0$aArgentina$xForeign relations.
=852  41$aBritish Library$bHMNTS$jYF.2011.a.16990
=856  41$uhttp://core.cambeiro.com.ar/0-158541-2.pdf
=CAT  \\$a11375$b40$c20110531$lBLL01$h1535
=CAT  \\$a11131$b40$c20110801$lBLL01$h1157
=FIN  \\$aY$d20110801
=FMT  \\$a  BK
=LAS  \\$a11131$b40$c20110801$lBLL01$h1157
=SID  \\$aZ39$bLOC

