=LDR  01488 am a22004214a 4500
=001  015816150
=003  Uk
=005  20110822142700.0
=008  101126s2010\\\\ag\\\\\\\b\\\\000\0\spa\d
=010  \\$a2010504198
=020  \\$a9789872635107
=035  \\$a(AR-BaFGC)0-160568/1
=040  \\$aAR-BaFGC$cAR-BaFGC$dDLC$dUk
=042  \\$aukblderived
=043  \\$as-ag---
=050  00$aF2849.2$b.C333 2010
=100  1\$aCampos, Esteban.
=245  13$aLa Guerrilla del Ejército Libertador :$bvicisitudes políticas de una guerrilla urbana /$cEsteban Campos, Gabriel Rot.
=260  \\$a[Ciudad Autónoma de Buenos Aires] :$bEl Topo Blindado,$c[2010]
=300  \\$a172 p. ;$c20 cm.
=336  \\$atext$2rdacontent
=337  \\$aunmediated$2rdamedia
=338  \\$avolume$2rdacarrier
=490  0\$aColección Guerrillas olvidadas de la Argentina
=504  \\$aIncludes bibliographical references (p. 98-99).
=610  20$aGuerrilla del Ejército Libertador.
=650  \0$aGuerrillas$zArgentina$xHistory$y20th century.
=651  \0$aArgentina$xPolitics and government$y1955-1983.
=700  1\$aRot, Gabriel,$d1956-
=852  41$aBritish Library$bHMNTS$jYF.2011.a.18067
=856  41$uhttp://core.cambeiro.com.ar/0-160568-1.pdf
=CAT  \\$a11375$b40$c20110531$lBLL01$h1607
=CAT  \\$a11131$b40$c20110801$lBLL01$h0933
=CAT  \\$a6066$b40$c20110822$lBLL01$h1427
=FIN  \\$aY$d20110801
=FMT  \\$a  BK
=LAS  \\$a6066$b40$c20110822$lBLL01$h1427
=SID  \\$aZ39$bLOC

