=LDR  01436 am a22003854a 4500
=001  015816155
=003  Uk
=005  20110718080733.0
=008  101123s2010\\\\ag\\\\\\\b\\\\000\0\spa\d
=010  \\$a2010504197
=020  \\$a9789871650156
=035  \\$a(AR-BaFGC)0-160560/0
=040  \\$aAR-BaFGC$cAR-BaFGC$dDLC$dUk
=042  \\$aukblderived
=043  \\$as-ag---
=050  00$aHC175$b.R785 2010
=100  1\$aRubinzal, Diego,$d1970-
=245  10$aHistoria económica argentina, 1880-2009 :$bdesde los tiempos de Julio Argentino Roca hasta Cristina Fernández de Kirchner /$cDiego Rubinzal ; [prólogo, Alfredo Zaiat].
=260  \\$aBuenos Aires :$bEdiciones del CCC, Centro Cultural de la Cooperación Floreal Gorini,$c[2010]
=300  \\$a805 p. ;$c23 cm.
=336  \\$atext$2rdacontent
=337  \\$aunmediated$2rdamedia
=338  \\$avolume$2rdacarrier
=504  \\$aIncludes bibliographical references (p. 743-790).
=651  \0$aArgentina$xEconomic conditions$y19th century.
=651  \0$aArgentina$xEconomic conditions$y20th century.
=651  \0$aArgentina$xEconomic conditions$y21st century.
=852  41$aBritish Library$bHMNTS$jYF.2011.a.16012
=856  41$uhttp://core.cambeiro.com.ar/0-160560-0.pdf
=CAT  \\$a11375$b40$c20110531$lBLL01$h1614
=CAT  \\$a11002$b40$c20110718$lBLL01$h0807
=FIN  \\$aY$d20110718
=FMT  \\$a  BK
=LAS  \\$a11002$b40$c20110718$lBLL01$h0807
=SID  \\$aZ39$bLOC

