=LDR  01355 am a22003854a 4500
=001  015817794
=003  Uk
=005  20110801104600.0
=008  100810s2009\\\\ag\a\\\\\b\\\\000\0dspa\d
=010  \\$a2010423743
=020  \\$a9789508452313
=035  \\$a(AR-BaFGC)0-77522/45
=040  \\$aAR-BaFGC$cAR-BaFGC$dDLC$dUk
=042  \\$aukblderived
=050  00$aPQ8519.A5$bZ62 2009
=100  1\$aCróquer Pedrón, Eleonora.
=245  10$aEscrito con rouge :$bDelmira Agustin, 1886-1914 : artefacto cultural /$cEleonora Cróquer Pedrón.
=260  \\$a[Argentina] :$bBeatriz Viterbo Editora,$cc2009.
=300  \\$a235 p. :$bill. ;$c20 cm.
=336  \\$atext$2rdacontent
=337  \\$aunmediated$2rdamedia
=338  \\$avolume$2rdacarrier
=490  0\$aEnsayos críticos ;$v46
=504  \\$aIncludes bibliographical references (p. 212-235).
=600  10$aAgustini, Delmira,$d1886-1914$xCriticism and interpretation.
=600  10$aAgustini, Delmira,$d1886-1914$xPortraits.
=852  41$aBritish Library$bHMNTS$jYF.2011.a.17010
=856  41$uhttp://core.cambeiro.com.ar/0-77522-45.pdf
=CAT  \\$a11375$b40$c20110601$lBLL01$h0822
=CAT  \\$a11131$b40$c20110801$lBLL01$h1046
=CAT  \\$aBATCH-UPD$b40$c20141106$lBLL01$h2116
=FIN  \\$aY$d20110801
=FMT  \\$a  BK
=LAS  \\$aBATCH-UPD$b40$c20141106$lBLL01$h2116
=SID  \\$aZ39$bLOC

