=LDR  01508 am a22004334a 4500
=001  015817981
=003  Uk
=005  20110809093230.0
=008  100810s2010\\\\ag\a\\\\\b\\\\000\0\spa\d
=010  \\$a2010423744
=020  \\$a9789508452399 (pbk.)
=035  \\$a(AR-BaFGC)0-77522/44
=040  \\$aAR-BaFGC$beng$cAR-BaFGC$dDLC$dUk
=042  \\$aukblsr
=050  00$aPQ7297.P63$bZ87 2010
=100  1\$aTorres, Alejandra.
=245  13$aEl cristal de las mujeres :$brelato y fotografía en la obra de Elena Poniatowska /$cAlejandra Torres.
=250  \\$a1. ed.
=260  \\$a[Rosario] :$bBeatriz Viterbo Editora,$c2010.
=300  \\$a202 p. :$bill. ;$c20 cm.
=336  \\$atext$2rdacontent
=337  \\$aunmediated$2rdamedia
=338  \\$avolume$2rdacarrier
=490  1\$aEnsayos críticos ;$v45
=504  \\$aIncludes bibliographical references (p. 182-201).
=600  10$aPoniatowska, Elena$xCriticism and interpretation.
=650  \0$aPhotography in literature.
=830  \0$aEnsayos críticos (Rosario, Argentina) ;$v45.
=852  41$aBritish Library$bHMNTS$jYF.2011.a.17158
=856  41$uhttp://core.cambeiro.com.ar/0-77522-44.pdf
=CAT  \\$a11375$b40$c20110601$lBLL01$h1157
=CAT  \\$a11131$b40$c20110801$lBLL01$h1216
=CAT  \\$a5521$b40$c20110804$lBLL01$h1201
=CAT  \\$a5521$b40$c20110809$lBLL01$h0932
=CAT  \\$aBATCH-UPD$b40$c20141030$lBLL01$h2128
=FIN  \\$aY$d20110804
=FMT  \\$a  BK
=LAS  \\$aBATCH-UPD$b40$c20141030$lBLL01$h2128
=SID  \\$aZ39$bLOC

