=LDR  01415 am a22004094a 4500
=001  015817986
=003  Uk
=005  20110927163823.0
=008  101108s2010\\\\ag\a\\\\\b\\\\001\0\spa\d
=010  \\$a2010504128
=020  \\$a9789505578474
=035  \\$a(AR-BaFGC)0-763/28
=040  \\$aAR-BaFGC$cAR-BaFGC$dDLC$dUk
=042  \\$aukblderived
=043  \\$as-ag---$as-bl---
=050  00$aPQ7622.E93+
=100  1\$aAmante, Adriana.
=245  10$aPoéticas y políticas del destierro :$bargentinos en Brasil en la época de Rosas /$cAdriana Amante.
=250  \\$a1. ed.
=260  \\$aBuenos Aires :$bFondo de Cultura Económica,$c2010.
=300  \\$a635 p. :$bill. ;$c23 cm.
=336  \\$atext$2rdacontent
=337  \\$aunmediated$2rdamedia
=338  \\$avolume$2rdacarrier
=490  0\$aTierra Firme
=504  \\$aIncludes bibliographical references (p. 593-621) and index.
=650  \0$aExile's writings, Argentine$zBrazil$xHistory and criticism.
=650  \0$aArgentine literature$y19th century$xHistory and criticism.
=651  \0$aArgentina$xPolitics and government$y1817-1860.
=852  41$aBritish Library$bHMNTS$jYF.2011.a.21367
=856  41$uhttp://core.cambeiro.com.ar/0-763-28.pdf
=CAT  \\$a11375$b40$c20110601$lBLL01$h1206
=CAT  \\$a11002$b40$c20110927$lBLL01$h1638
=FIN  \\$aY$d20110927
=FMT  \\$a  BK
=LAS  \\$a11002$b40$c20110927$lBLL01$h1638
=SID  \\$aZ39$bLOC

