=LDR  01227 am a22003974a 4500
=001  015817993
=003  Uk
=005  20110718075955.0
=008  100817s2010\\\\ag\\\\\\\b\\\\000\0aspa\d
=010  \\$a2010423759
=020  \\$a9789500432696
=035  \\$a(AR-BaFGC)0-159547/0
=040  \\$aAR-BaFGC$cAR-BaFGC$dDLC$dUk
=042  \\$aukblderived
=043  \\$as-ag---
=050  00$aPQ7797.L2715$bZ46 2010
=100  1\$aLamborghini, Leónidas C.
=245  10$aMezcolanza /$cLeónidas Lamborghini.
=246  1\$iSubtitle on cover:$aA modo de memoria
=250  \\$a1a ed.
=260  \\$aBuenos Aires :$bEmecé,$c2010.
=300  \\$a190 p. ;$c23 cm.
=336  \\$atext$2rdacontent
=337  \\$aunmediated$2rdamedia
=338  \\$avolume$2rdacarrier
=504  \\$aIncludes bibliographical references.
=600  10$aLamborghini, Leónidas C.
=650  \0$aAuthors, Argentine$y20th century$vBiography.
=852  41$aBritish Library$bHMNTS$jYF.2011.a.15909
=856  41$uhttp://core.cambeiro.com.ar/0-159547-0.pdf
=CAT  \\$a11375$b40$c20110601$lBLL01$h1216
=CAT  \\$a11002$b40$c20110718$lBLL01$h0759
=FIN  \\$aY$d20110718
=FMT  \\$a  BK
=LAS  \\$a11002$b40$c20110718$lBLL01$h0759
=SID  \\$aZ39$bLOC

