=LDR  01270 am a22003734a 4500
=001  015817995
=003  Uk
=005  20110718091405.0
=008  100924s2010\\\\ag\a\\\\\b\\\\000\0\spa\d
=010  \\$a2010423967
=020  \\$a9789872422677
=035  \\$a(AR-BaFGC)0-160014/1
=040  \\$aAR-BaFGC$cAR-BaFGC$dDLC$dUk
=042  \\$aukblderived
=050  00$aPQ7797.A66$bZ73 2010
=100  1\$aLiendivit, Zenda,$d1961-
=245  10$aVida de monstruos :$bespacio, violencia y ficción en la obra de Roberto Arlt /$cZenda Liendivit.
=250  \\$a1o [sic] ed.
=260  \\$a[Buenos Aires] :$bContratiempo Ediciones,$c2010.
=300  \\$a156 p. :$bill. ;$c19 cm.
=336  \\$atext$2rdacontent
=337  \\$aunmediated$2rdamedia
=338  \\$avolume$2rdacarrier
=490  0\$aColección Literatura argentina
=504  \\$aIncludes bibliographical references (p. [153]-156).
=600  10$aArlt, Roberto,$d1900-1942$xCriticism and interpretation.
=852  41$aBritish Library$bHMNTS$jYF.2011.a.16252
=856  41$uhttp://core.cambeiro.com.ar/0-160014-1.pdf
=CAT  \\$a11375$b40$c20110601$lBLL01$h1220
=CAT  \\$a11002$b40$c20110718$lBLL01$h0914
=FIN  \\$aY$d20110718
=FMT  \\$a  BK
=LAS  \\$a11002$b40$c20110718$lBLL01$h0914
=SID  \\$aZ39$bLOC

