=LDR  01454 am a22004334a 4500
=001  015817999
=003  Uk
=005  20110822122445.0
=008  100723s2010\\\\ag\a\\\\\b\\\\000\0bspa\d
=010  \\$a2010423630
=020  \\$a9789507543098
=035  \\$a(AR-BaFGC)0-159211/2
=040  \\$aAR-BaFGC$cAR-BaFGC$dDLC$dUk
=042  \\$aukblderived
=043  \\$as-ag---
=050  00$aF2849.2$b.M642 2010
=100  1\$aMontero, Hugo.
=245  10$aRodolfo Walsh :$blos años montoneros /$cHugo Montero, Ignacio Portela.
=260  \\$aBuenos Aires :$bPeña Lillo :$bEdiciones Continente,$cc2010.
=300  \\$a223 p. :$bill. ;$c23 cm.
=336  \\$atext$2rdacontent
=337  \\$aunmediated$2rdamedia
=338  \\$avolume$2rdacarrier
=490  0\$aCuadernos de Sudestada ;$v3
=504  \\$aIncludes bibliographical references (p. 219-220).
=600  10$aWalsh, Rodolfo J.
=610  20$aOrganización Montoneros (Argentina)
=650  \0$aJournalists$zArgentina$vBiography.
=651  \0$aArgentina$xPolitics and government$y1955-1983.
=700  1\$aPortela, Ignacio.
=852  41$aBritish Library$bHMNTS$jYF.2011.a.18647
=856  41$uhttp://core.cambeiro.com.ar/0-159211-2.pdf
=CAT  \\$a11375$b40$c20110601$lBLL01$h1226
=CAT  \\$a11002$b40$c20110822$lBLL01$h1224
=CAT  \\$aBATCH-UPD$b40$c20171023$lBLL01$h2023
=FIN  \\$aY$d20110822
=FMT  \\$a  BK
=LAS  \\$aBATCH-UPD$b40$c20171023$lBLL01$h2023
=SID  \\$aZ39$bLOC

