=LDR  01335 am a22003734a 4500
=001  015818059
=003  Uk
=005  20111011104139.0
=008  101229s2010\\\\ag\\\\\\\b\\\\000\0dspa\d
=010  \\$a2010504327
=020  \\$z9789876142434
=035  \\$a(AR-BaFGC)0-161086/1
=040  \\$aAR-BaFGC$cAR-BaFGC$dDLC$dUk
=042  \\$aukblderived
=050  00$aPN1998.3.A57$bS26 2010
=100  1\$aSández, Mariana,$d1973-
=245  13$aEl cine de Manuel :$bun recorrido por la obra de Manuel Antín /$cMariana Sández ; [colaboraron en la obra, María José García Moreno y Daniela Vilaboa].
=260  \\$aBuenos Aires :$bCapital Intelectual,$cc2010.
=300  \\$a187 p. ;$c21 cm.
=336  \\$atext$2rdacontent
=337  \\$aunmediated$2rdamedia
=338  \\$avolume$2rdacarrier
=490  0\$aHacedores
=504  \\$aIncludes filmography (p. 161-168) and bibliographical references (p. 171-187).
=600  10$aAntín, Manuel,$d1926-$vInterviews.
=852  41$aBritish Library$bHMNTS$jYF.2012.a.5717
=856  41$uhttp://core.cambeiro.com.ar/0-161086-1.pdf
=CAT  \\$a11375$b40$c20110601$lBLL01$h1403
=CAT  \\$a11131$b40$c20111011$lBLL01$h1041
=CAT  \\$aBATCH-UPD$b40$c20200301$lBLL01$h2105
=FIN  \\$aY$d20111011
=FMT  \\$a  BK
=LAS  \\$aBATCH-UPD$b40$c20200301$lBLL01$h2105
=SID  \\$aZ39$bLOC

