=LDR  01523 am a22004454a 4500
=001  015828507
=003  Uk
=005  20110822094007.0
=008  101118s2010\\\\ag\a\\\\\b\\\\001\0bspa\d
=010  \\$a2010504181
=020  \\$a9789870415855
=035  \\$a(AR-BaFGC)0-160259/0
=040  \\$aAR-BaFGC$cAR-BaFGC$dDLC$dUk
=042  \\$aukblderived
=043  \\$as-ag---
=050  00$aF2849.22.F57$bC45 2010
=100  1\$aCelesia, Felipe.
=245  10$aFirmenich :$bla historia jamás contada del jefe montonero /$cFelipe Celesia, Pablo Waisberg.
=250  \\$a1. ed., 1. reimpr.
=260  \\$aCiudad de Buenos Aires :$bAguilar,$c2010.
=300  \\$a478 p. :$bill. ;$c24 cm.
=336  \\$atext$2rdacontent
=337  \\$aunmediated$2rdamedia
=338  \\$avolume$2rdacarrier
=504  \\$aIncludes bibliographical references (p. 461-468) and index.
=600  10$aFirmenich, Mario.
=610  20$aOrganización Montoneros (Argentina)
=650  \0$aGuerrillas$zArgentina$vBiography.
=651  \0$aArgentina$xPolitics and government$y1955-1983.
=651  \0$aArgentina$xPolitics and government$x1983-2002.
=700  1\$aWaisberg, Pablo.
=852  41$aBritish Library$bHMNTS$jYF.2011.a.18670
=856  41$uhttp://core.cambeiro.com.ar/0-160259-0.pdf
=CAT  \\$a11375$b40$c20110617$lBLL01$h1249
=CAT  \\$a11002$b40$c20110822$lBLL01$h0940
=CAT  \\$aBATCH-UPD$b40$c20171023$lBLL01$h2023
=FIN  \\$aY$d20110822
=FMT  \\$a  BK
=LAS  \\$aBATCH-UPD$b40$c20171023$lBLL01$h2023
=SID  \\$aZ39$bLOC

