=LDR  01264 am a22003974a 4500
=001  015828534
=003  Uk
=005  20110801080952.0
=008  101111s2010\\\\ag\a\\\\\b\\\\000\0dspa\d
=010  \\$a2010504119
=020  \\$a9789876291316
=035  \\$a(AR-BaFGC)0-108756/46
=040  \\$aAR-BaFGC$cAR-BaFGC$dDLC$dUk
=042  \\$aukblderived
=043  \\$as-ag---
=050  00$aF3021.G3$bF75 2010
=100  1\$aFriedmann, Germán.
=245  10$aAlemanes antinazis en la Argentina /$cGermán Claus Friedmann.
=250  \\$a1a. ed.
=260  \\$aBuenos Aires :$bSiglo Veintiuno Editores,$cc2010.
=300  \\$a251 p. :$bill. ;$c21 cm.
=336  \\$atext$2rdacontent
=337  \\$aunmediated$2rdamedia
=338  \\$avolume$2rdacarrier
=490  0\$aHistoria y cultura
=504  \\$aIncludes bibliographical references.
=650  \0$aGermans$zArgentina$xHistory$y20th century.
=650  \0$aAnti-Nazi movement$zArgentina$xHistory.
=852  41$aBritish Library$bHMNTS$jYF.2011.a.17011
=856  41$uhttp://core.cambeiro.com.ar/0-108756-46.pdf
=CAT  \\$a11375$b40$c20110617$lBLL01$h1350
=CAT  \\$a11131$b40$c20110801$lBLL01$h0809
=FIN  \\$aY$d20110801
=FMT  \\$a  BK
=LAS  \\$a11131$b40$c20110801$lBLL01$h0809
=SID  \\$aZ39$bLOC

