=LDR  01388 am a22004094a 4500
=001  015828858
=003  Uk
=005  20110907103024.0
=008  100722s2010\\\\ag\a\\\\\b\\\\000\0\spa\d
=010  \\$a2010423606
=020  \\$a9789875743885
=035  \\$a(AR-BaFGC)0-159208/0
=040  \\$aAR-BaFGC$cAR-BaFGC$dDLC$dUk
=042  \\$aukblderived
=043  \\$as-ag---
=050  00$aHV8178$b.G37 2010
=100  1\$aGarcía Ferrari, Mercedes.
=245  10$aLadrones conocidos, sospechosos reservados :$bidentificación policial en Buenos Aires, 1880-1905 /$cMercedes García Ferrari.
=260  \\$aBuenos Aires :$bPrometeo Libros,$cc2010.
=300  \\$a211 p. :$bill. ;$c21 cm.
=336  \\$atext$2rdacontent
=337  \\$aunmediated$2rdamedia
=338  \\$avolume$2rdacarrier
=490  0\$aPrometeo bicentenario
=504  \\$aIncludes bibliographical references (p. 197-211).
=610  20$aPolicía de Buenos Aires$xHistory.
=650  \0$aIdentification$zArgentina$zBuenos Aires$xHistory.
=650  \0$aCriminal anthropology.
=650  \0$aFingerprints.
=852  41$aBritish Library$bHMNTS$jYF.2011.a.19161
=856  41$uhttp://core.cambeiro.com.ar/0-159208-0.pdf
=CAT  \\$a11375$b40$c20110620$lBLL01$h0926
=CAT  \\$a10904$b40$c20110907$lBLL01$h1030
=FIN  \\$aY$d20110907
=FMT  \\$a  BK
=LAS  \\$a10904$b40$c20110907$lBLL01$h1030
=SID  \\$aZ39$bLOC

