=LDR  01475 am a22004214a 4500
=001  015828863
=003  Uk
=005  20111012140102.0
=008  100921s2010\\\\ag\f\\\\\b\\\\000\0\spa\d
=010  \\$a2010423937
=020  \\$a9789500732352
=035  \\$a(AR-BaFGC)0-159918/0
=040  \\$aAR-BaFGC$cAR-BaFGC$dDLC$dUk
=042  \\$aukblderived
=043  \\$as-ag---
=050  00$aF2849.2$b.G883 2010
=100  1\$aGutman, Daniel.
=245  10$aSangre en el monte :$bla increíble aventura del ERP en los cerros tucumanos /$cDaniel Gutman.
=250  \\$a2. ed.
=260  \\$aBuenos Aires :$bSudamericana,$c2010.
=300  \\$a245 p., [16] of plates ;$c23 cm.
=336  \\$atext$2rdacontent
=337  \\$aunmediated$2rdamedia
=338  \\$avolume$2rdacarrier
=504  \\$aIncludes bibliographical references (p. 240-242).
=610  20$aEjército Revolucionario del Pueblo (Argentina)
=650  \0$aGuerrillas$zArgentina$zTucumán$xHistory$y20th century.
=650  \0$aCounterinsurgency$zArgentina$zTucumán$xHistory$y20th century.
=651  \0$aArgentina$xPolitics and government$y1955-1983.
=852  41$aBritish Library$bHMNTS$jYF.2011.a.22335
=856  41$uhttp://core.cambeiro.com.ar/0-159918-0.pdf
=CAT  \\$a11375$b40$c20110620$lBLL01$h0932
=CAT  \\$a11131$b40$c20111011$lBLL01$h1049
=CAT  \\$a5512$b40$c20111012$lBLL01$h1401
=FIN  \\$aY$d20111011
=FMT  \\$a  BK
=LAS  \\$a5512$b40$c20111012$lBLL01$h1401
=SID  \\$aZ39$bLOC

