=LDR  01665 am a22004454a 4500
=001  015828887
=003  Uk
=005  20110919140650.0
=008  100628s2010\\\\ag\a\\\\\b\\\\001\0\spa\d
=010  \\$a2010423468
=020  \\$a9789500732246 (pbk.)
=035  \\$a(AR-BaFGC)0-109555/47
=040  \\$aAR-BaFGC$beng$cAR-BaFGC$dDLC$dUk
=042  \\$aukblsr
=043  \\$as-ag---
=050  00$aF2849.2$b.Y63 2010
=100  1\$aYofre, Juan Bautista,$d1946-
=245  13$aEl escarmiento :$bla ofensiva de Perón contra Cámpora y los Montoneros, 1973-1974 /$cJuan B. Yofre ; fotografías, Archivo General de la Nación y archivo personal del autor.
=260  \\$aBuenos Aires :$bEditorial Sudamericana,$cc2010.
=300  \\$a462 p. :$bill. ;$c23 cm.
=336  \\$atext$2rdacontent
=337  \\$aunmediated$2rdamedia
=338  \\$avolume$2rdacarrier
=504  \\$aIncludes bibliographical references and index.
=600  10$aPerón, Juan Domingo,$d1895-1974.
=600  10$aCámpora, Héctor J.,$d1909-
=610  20$aOrganización Montoneros (Argentina)
=650  \0$aGuerrillas$zArgentina$xHistory$y20th century.
=651  \0$aArgentina$xPolitics and government$y1955-1983.
=852  41$aBritish Library$bHMNTS$jYF.2011.a.20298
=856  41$uhttp://core.cambeiro.com.ar/0-109555-47.pdf
=CAT  \\$a11375$b40$c20110620$lBLL01$h0957
=CAT  \\$a11131$b40$c20110801$lBLL01$h1220
=CAT  \\$a7483$b40$c20110919$lBLL01$h1406
=CAT  \\$aBATCH-UPD$b40$c20130815$lBLL01$h2317
=CAT  \\$aBATCH-UPD$b40$c20171023$lBLL01$h2023
=FIN  \\$aY$d20110919
=FMT  \\$a  BK
=LAS  \\$aBATCH-UPD$b40$c20171023$lBLL01$h2023
=SID  \\$aZ39$bLOC

