=LDR  01268 am a22003734a 4500
=001  015829000
=003  Uk
=005  20111027123209.0
=008  101221s2010\\\\ag\a\\\\\b\\\\000\0\spa\d
=010  \\$a2010504287
=020  \\$a9789508452504
=035  \\$a(AR-BaFGC)0-77522/47
=040  \\$aAR-BaFGC$cAR-BaFGC$dDLC$dUk
=042  \\$aukblderived
=050  00$aPQ7798.22.I2$bZ59 2010
=245  03$aEl efecto Libertella /$cMarcelo Damiani, compilador ; [escriben, Marcelo Damiani ... et al.].
=260  \\$a[Argentina] :$bBeatriz Viterbo Editora,$cc2010.
=300  \\$a216 p. :$bill. ;$c20 cm.
=336  \\$atext$2rdacontent
=337  \\$aunmediated$2rdamedia
=338  \\$avolume$2rdacarrier
=490  0\$aEnsayos críticos ;$v48
=504  \\$aIncludes bibliographical references.
=600  10$aLibertella, Héctor,$d1945-2006$xCriticism and interpretation.
=700  1\$aDamiani, Marcelo,$d1969-
=852  41$aBritish Library$bHMNTS$jYF.2011.a.21184
=856  41$uhttp://core.cambeiro.com.ar/0-77522-47.pdf
=CAT  \\$a11375$b40$c20110620$lBLL01$h1133
=CAT  \\$a11002$b40$c20110927$lBLL01$h1325
=CAT  \\$a6066$b40$c20111027$lBLL01$h1232
=FIN  \\$aY$d20110927
=FMT  \\$a  BK
=LAS  \\$a6066$b40$c20111027$lBLL01$h1232
=SID  \\$aZ39$bLOC

