=LDR  01316 am a22003974a 4500
=001  015829056
=003  Uk
=005  20111011111419.0
=008  100915s2008\\\\ag\\\\\\\b\\\\000\0\spa\d
=010  \\$a2010423941
=020  \\$a9789872377915
=035  \\$a(AR-BaFGC)0-159426/1
=040  \\$aAR-BaFGC$cAR-BaFGC$dDLC$dUk
=042  \\$aukblderived
=043  \\$as-ag---
=050  00$aPQ7652$b.P47 2008
=100  1\$aPas, Hernán,$d1974-
=245  10$aFicciones de extranjería :$bliteratura argentina, ciudadanía y tradición, 1830-1850 /$cHernán Pas.
=250  \\$a1. ed.
=260  \\$aBuenos Aires :$bEdiciones Katatay,$c2008.
=300  \\$a247 p. ;$c20 cm.
=336  \\$atext$2rdacontent
=337  \\$aunmediated$2rdamedia
=338  \\$avolume$2rdacarrier
=490  0\$aTesis
=504  \\$aIncludes bibliographical references (p. 227-245).
=650  \0$aArgentine literature$y19th century$xHistory and criticism.
=650  \0$aNational characteristics, Argentine, in literature.
=852  41$aBritish Library$bHMNTS$jYF.2011.a.22093
=856  41$uhttp://core.cambeiro.com.ar/0-159426-1.pdf
=CAT  \\$a11375$b40$c20110620$lBLL01$h1147
=CAT  \\$a11131$b40$c20111011$lBLL01$h1114
=FIN  \\$aY$d20111011
=FMT  \\$a  BK
=LAS  \\$a11131$b40$c20111011$lBLL01$h1114
=SID  \\$aZ39$bLOC

