=LDR  01407 am a22004094a 4500
=001  015829664
=003  Uk
=005  20110927140922.0
=008  110214s2010\\\\ag\\\\\\\b\\\\000\0dspa\d
=010  \\$a2010504430
=020  \\$z9789876281072
=035  \\$a(AR-BaFGC)0-125398/29
=040  \\$aAR-BaFGC$cAR-BaFGC$dDLC$dUk
=042  \\$aukblderived
=043  \\$as-ag---
=050  00$aJL2098.A8$bA46 2010
=100  1\$aAlonso, Paula,$d1964-
=245  10$aJardines secretos, legitimaciones públicas :$bel Partido Autonomista Nacional y la política argentina de fines del siglo XIX /$cPaula Alonso.
=250  \\$a1. ed.
=260  \\$aBuenos Aires :$bEdhasa,$c2010.
=300  \\$a390 p. ;$c23 cm.
=336  \\$atext$2rdacontent
=337  \\$aunmediated$2rdamedia
=338  \\$avolume$2rdacarrier
=490  0\$aEnsayo
=504  \\$aIncludes bibliographical references (p. [373]-390).
=610  20$aPartido Autonomista Nacional (Argentina)$xHistory.
=650  \0$aPolitical parties$zArgentina$xHistory$y19th century.
=651  \0$aArgentina$xPolitics and government$y1860-1910.
=852  41$aBritish Library$bHMNTS$jYF.2011.a.21363
=856  41$uhttp://core.cambeiro.com.ar/0-125398-29.pdf
=CAT  \\$a11375$b40$c20110621$lBLL01$h1142
=CAT  \\$a11002$b40$c20110927$lBLL01$h1409
=FIN  \\$aY$d20110927
=FMT  \\$a  BK
=LAS  \\$a11002$b40$c20110927$lBLL01$h1409
=SID  \\$aZ39$bLOC

