=LDR  01669 am a22004454a 4500
=001  015829692
=003  Uk
=005  20110907092717.0
=008  100921s2010\\\\ag\\\\\\\b\\\\000\0\spa\d
=010  \\$a2010423943
=020  \\$a9789502317502
=035  \\$a(AR-BaFGC)0-158541/4
=040  \\$aAR-BaFGC$cAR-BaFGC$dDLC$dUk
=042  \\$aukblderived
=043  \\$as-ag---
=050  00$aBX4220.A7$bF73 2010
=100  1\$aFraschina, Alicia.
=245  10$aMujeres consagradas en el Buenos Aires colonial /$cAlicia Fraschina.
=250  \\$a1. ed.
=260  \\$aBuenos Aires :$bEUDEBA,$c2010.
=300  \\$a325 p. ;$c23 cm.
=336  \\$atext$2rdacontent
=337  \\$aunmediated$2rdamedia
=338  \\$avolume$2rdacarrier
=490  0\$aTemas de historia
=504  \\$aIncludes bibliographical references (p. [277]-299).
=650  \0$aNuns$zArgentina$zBuenos Aires$xHistory$y17th century.
=650  \0$aNuns$zArgentina$zBuenos Aires$xHistory$y18th century.
=650  \0$aMonastic and religious life of women$zArgentina$zBuenos Aires$xHistory$y17th century.
=650  \0$aMonastic and religious life of women$zArgentina$zBuenos Aires$xHistory$y18th century.
=650  \0$aWomen in the Catholic Church$zArgentina$zBuenos Aires$xHistory$y17th century.
=650  \0$aWomen in the Catholic Church$zArgentina$zBuenos Aires$xHistory$y18th century.
=852  41$aBritish Library$bHMNTS$jYF.2011.a.19149
=856  41$uhttp://core.cambeiro.com.ar/0-158541-4.pdf
=CAT  \\$a11375$b40$c20110621$lBLL01$h1206
=CAT  \\$a10904$b40$c20110907$lBLL01$h0927
=FIN  \\$aY$d20110907
=FMT  \\$a  BK
=LAS  \\$a10904$b40$c20110907$lBLL01$h0927
=SID  \\$aZ39$bLOC

