=LDR  01447 am a2200433 a 4500
=001  015829809
=003  Uk
=005  20111101145419.0
=008  110609s2011\\\\ag\a\\\\\b\\\\001\0\spa\d
=010  \\$a2011438120
=020  \\$a9789507868764 (pbk.)
=035  \\$a(AR-BaFGC)0-5552/19
=040  \\$aAR-BaFGC$beng$cAR-BaFGC$dDLC$dUk
=042  \\$aukblsr
=043  \\$as-ag---
=050  00$aHQ18.A7$bM57 2011
=100  1\$aMiranda, Marisa.
=245  10$aControlar lo incontrolable :$buna historia de la sexualidad en la Argentina /$cMarisa Miranda.
=260  \\$aBuenos Aires :$bEditorial Biblos,$cc2011.
=300  \\$a243 p. :$bill. ;$c23 cm.
=336  \\$atext$2rdacontent
=337  \\$aunmediated$2rdamedia
=338  \\$avolume$2rdacarrier
=490  0\$aHistoria Biblos
=504  \\$aIncludes bibliographical references (p. 217-238) and index.
=650  \0$aSex$zArgentina$xHistory.
=650  \0$aBiopolitics$zArgentina$xHistory.
=650  \0$aEugenics$zArgentina$xHistory.
=650  \0$aSexual ethics$zArgentina$xHistory.
=852  41$aBritish Library$bHMNTS$jYF.2011.a.23160
=856  41$uhttp://core.cambeiro.com.ar/0-5552-19.pdf
=CAT  \\$a11375$b40$c20110621$lBLL01$h1419
=CAT  \\$a7483$b40$c20111101$lBLL01$h1154
=CAT  \\$a7483$b40$c20111101$lBLL01$h1453
=CAT  \\$a7483$b40$c20111101$lBLL01$h1454
=FIN  \\$aY$d20111101
=FMT  \\$a  BK
=LAS  \\$a7483$b40$c20111101$lBLL01$h1454
=SID  \\$aZ39$bLOC

