=LDR  01963 am a22004574a 4500
=001  015829820
=003  Uk
=005  20110907110747.0
=008  101209s2010\\\\ag\a\\\\\b\\\\000\0\spa\d
=010  \\$a2010504262
=020  \\$a9789875744288
=035  \\$a(AR-BaFGC)0-160655/1
=040  \\$aAR-BaFGC$cAR-BaFGC$dDLC$dUk
=042  \\$aukblderived
=043  \\$ae-sp---$as-ag---
=050  00$aF3001.9.S7$bP47 2010
=100  1\$aPérez, Mariana Alicia,$d1973-
=245  10$aEn busca de mejor fortuna :$blos inmigrantes españoles en Buenos Aires : desde el virreinato a la Revolución de Mayo /$cMariana Alicia Pérez.
=260  \\$aCiudad Autónoma de Buenos Aires :$bPrometeo Libros ;$a[Los Polvorines, Argentina?] :$bUniversidad Nacional de General Sarmiento,$cc2010.
=300  \\$a260 p. :$bill. ;$c22 cm.
=336  \\$atext$2rdacontent
=337  \\$aunmediated$2rdamedia
=338  \\$avolume$2rdacarrier
=490  0\$aColección Humanidades. Serie Bicentenarios
=504  \\$aIncludes bibliographical references (p. 245-260).
=650  \0$aSpaniards$zArgentina$zBuenos Aires$xHistory$y18th century.
=650  \0$aSpaniards$zArgentina$zBuenos Aires$xHistory$y19th century.
=650  \0$aImmigrants$zArgentina$zBuenos Aires$xHistory$y18th century.
=650  \0$aImmigrants$zArgentina$zBuenos Aires$xHistory$y19th century.
=651  \0$aSpain$xEmigration and immigration$xHistory$y18th century.
=651  \0$aArgentina$xEmigration and immigration$xHistory$y18th century.
=651  \0$aSpain$xEmigration and immigration$xHistory$y19th century.
=651  \0$aArgentina$xEmigration and immigration$xHistory$y19th century.
=852  41$aBritish Library$bHMNTS$jYF.2011.a.19157
=856  41$uhttp://core.cambeiro.com.ar/0-160655-1.pdf
=CAT  \\$a11375$b40$c20110621$lBLL01$h1433
=CAT  \\$a10904$b40$c20110907$lBLL01$h1107
=FIN  \\$aY$d20110907
=FMT  \\$a  BK
=LAS  \\$a10904$b40$c20110907$lBLL01$h1107
=SID  \\$aZ39$bLOC

