=LDR  01352 am a22003854a 4500
=001  015829831
=003  Uk
=005  20110822103151.0
=008  101123s2010\\\\ag\a\\\\\b\\\\000\0dspa\d
=010  \\$a2010504196
=020  \\$a9789871750030
=035  \\$a(AR-BaFGC)0-148440/3
=040  \\$aAR-BaFGC$cAR-BaFGC$dDLC$dUk
=042  \\$aukblderived
=043  \\$as-ag---
=050  00$aHX183$b.U24 2010
=100  1\$aUbertalli, Jorge Luis,$d1947-
=245  13$aEl enemigo rojo :$bla represión al comunismo en la Argentina /$cJorge Luis Ubertalli.
=260  \\$aCdad. Aut. Bs. As. [i. e. Ciudad Autónoma de Buenos Aires] :$bAcercándonos Ediciones,$c[2010]
=300  \\$a348 p. :$bill. ;$c20 cm.
=336  \\$atext$2rdacontent
=337  \\$aunmediated$2rdamedia
=338  \\$avolume$2rdacarrier
=490  0\$aColección Boris Spivacow
=504  \\$aIncludes bibliographical references.
=650  \0$aAnti-communism movements$zArgentina$xHistory$y20th century.
=651  \0$aArgentina$xPolitics and government$y20th century.
=852  41$aBritish Library$bHMNTS$jYF.2011.a.18639
=856  41$uhttp://core.cambeiro.com.ar/0-148440-3.pdf
=CAT  \\$a11375$b40$c20110621$lBLL01$h1445
=CAT  \\$a11002$b40$c20110822$lBLL01$h1031
=FIN  \\$aY$d20110822
=FMT  \\$a  BK
=LAS  \\$a11002$b40$c20110822$lBLL01$h1031
=SID  \\$aZ39$bLOC

