=LDR  01346 am a22003974a 4500
=001  015831198
=003  Uk
=005  20110905134519.0
=008  100512s2009\\\\ag\\\\\\\b\\\\000\0\spa\d
=010  \\$a2010423227
=020  \\$a9789507867583
=035  \\$a(AR-BaFGC)0-157030/0
=040  \\$aAR-BaFGC$cAR-BaFGC$dDLC$dUk
=042  \\$aukblderived
=043  \\$as-ag---
=050  00$aPQ7650$b.F43 2009
=100  1\$aFeatherston, Cristina Andrea.
=245  13$aLa cultura inglesa en la generación del 80 :$bautores, viajes, literatura /$cCristina Andrea Featherston.
=260  \\$aBuenos Aires :$bEditorial Biblos,$cc2009.
=300  \\$a299 p. ;$c20 cm.
=336  \\$atext$2rdacontent
=337  \\$aunmediated$2rdamedia
=338  \\$avolume$2rdacarrier
=490  0\$aTesis
=504  \\$aIncludes bibliographical references (p. 281-299).
=650  \0$aArgentine literature$y19th century$xHistory and criticism.
=650  \0$aNational characteristics, English, in literature.
=651  \0$aGreat Britain$xIn literature.
=852  41$aBritish Library$bHMNTS$jYF.2011.a.19166
=856  41$uhttp://core.cambeiro.com.ar/0-157030-0.pdf
=CAT  \\$a11375$b40$c20110622$lBLL01$h0850
=CAT  \\$a10904$b40$c20110905$lBLL01$h1345
=FIN  \\$aY$d20110905
=FMT  \\$a  BK
=LAS  \\$a10904$b40$c20110905$lBLL01$h1345
=SID  \\$aZ39$bLOC

