=LDR  01563 am a2200445 a 4500
=001  015861780
=003  Uk
=005  20120125112222.0
=008  110926s2011\\\\ag\b\\\\\b\\\\000\0\spa\d
=010  \\$a2011438625
=020  \\$a9789870252436 (t. 1 : pbk.)
=020  \\$a9789870252443 (t. 2 : pbk.)
=035  \\$a(AR-BaFGC)0-163538/1
=040  \\$aAR-BaFGC$beng$cAR-BaFGC$dDLC$dUk
=042  \\$aukblsr
=043  \\$alsfk---$as-ag---$ae-uk---
=050  00$aF3031$b.C74 2011
=100  1\$aCresto, Juan José.
=245  10$aHistoria de las Islas Malvinas :$bdesde el descubrimiento hasta nuestros días /$cJuan José Cresto.
=260  \\$aBuenos Aires :$bEditorial Dunken,$c2011.
=300  \\$a2 v. :$bmaps ;$c23 cm.
=336  \\$atext$2rdacontent
=337  \\$aunmediated$2rdamedia
=338  \\$avolume$2rdacarrier
=504  \\$aIncludes bibliographical references (p. [1057]-1067).
=650  \0$aFalkland Islands War, 1982.
=651  \0$aFalkland Islands$xHistory.
=651  \0$aArgentina$xForeign relations$zGreat Britain.
=651  \0$aGreat Britain$xForeign relations$zArgentina.
=852  41$aBritish Library$bHMNTS$jYF.2012.a.2418
=852  41$aBritish Library$bHMNTS$jYF.2012.a.2419
=856  41$uhttp://core.cambeiro.com.ar/0-163538-1.pdf
=CAT  \\$a8157$b40$c20110803$lBLL01$h1454
=CAT  \\$a8157$b40$c20110803$lBLL01$h1456
=CAT  \\$a8157$b40$c20110803$lBLL01$h1459
=CAT  \\$a5521$b40$c20120125$lBLL01$h1122
=FIN  \\$aY$d20120125
=FMT  \\$a  BK
=LAS  \\$a5521$b40$c20120125$lBLL01$h1122
=SID  \\$aZ39$bLOC

