=LDR  01460 am a22003974a 4500
=001  015901117
=003  Uk
=005  20120529105416.0
=008  110829s2011\\\\ag\b\\\\\b\\\\000\0\spa\d
=010  \\$a2011438462
=020  \\$a9789871766239
=035  \\$a(AR-BaFGC)0-163354/0
=040  \\$aAR-BaFGC$cAR-BaFGC$dDLC$dUk
=042  \\$aukblderived
=043  \\$alsfk---$ae-uk---$as-ag---
=050  00$aF3031.5$b.F74533 2011
=100  1\$aBerasategui, Vicente E.
=245  10$aMalvinas :$bdiplomacia y conflicto armado : comentarios a la historia oficial británica /$cVicente E. Berasategui.
=260  \\$aC.A.Bs.As. [i. e. Ciudad Autónoma de Buenos Aires] :$bPROA AMERIAN Editores,$c2011.
=300  \\$a557 p. :$bmaps ;$c23 cm.
=336  \\$atext$2rdacontent
=337  \\$aunmediated$2rdamedia
=338  \\$avolume$2rdacarrier
=504  \\$aIncludes bibliographical references (p. 535-557).
=600  10$aFreedman, Lawrence.$tOfficial history of the Falklands campaign.
=650  \0$aFalkland Islands War, 1982.
=651  \0$aArgentina$xForeign relations$zGreat Britain.
=651  \0$aGreat Britain$xForeign relations$zArgentina.
=852  41$aBritish Library$bHMNTS$jYF.2012.a.14970
=856  41$uhttp://core.cambeiro.com.ar/0-163354-0.pdf
=CAT  \\$a5918$b40$c20110929$lBLL01$h1125
=CAT  \\$a11131$b40$c20120529$lBLL01$h1054
=FIN  \\$aY$d20120529
=FMT  \\$a  BK
=LAS  \\$a11131$b40$c20120529$lBLL01$h1054
=SID  \\$aZ39$bLOC

