=LDR  01613 am a2200421 a 4500
=001  015905101
=003  Uk
=005  20111027132116.0
=008  100916s2010\\\\ag\ab\\\\b\\\\000\0\spa\d
=010  \\$a2010423945
=020  \\$a9789872422653
=035  \\$a(AR-BaFGC)0-159602/0
=040  \\$aAR-BaFGC$cAR-BaFGC$dDLC$dUk
=042  \\$aukblcatcopy
=043  \\$as-ag---$as-py---
=050  00$aHD9685.A74$bE589 2010
=100  1\$aLevinton, Norberto.
=245  10$aYacyretá, el fin de la historia :$bla influencia de los gobiernos argentinos y paraguayos en el tratado, en el proyecto y en la construcción /$cNorberto Levinton.
=260  \\$aBuenos Aires :$bContratiempo Ediciones,$c[2010]
=300  \\$a397 p. :$bcol. ill., maps ;$c28 x 32 cm.
=336  \\$atext$2rdacontent
=337  \\$aunmediated$2rdamedia
=338  \\$avolume$2rdacarrier
=504  \\$aIncludes bibliographical references (p. 391-393).
=610  20$aEntidad Binacional Yacyretá.
=650  \0$aHydroelectric power plants$zArgentina$xEconomic aspects.
=650  \0$aHydroelectric power plants$zParaguay$xEconomic aspects.
=650  \0$aHydroelectric power plants$zArgentina$xSocial aspects.
=650  \0$aHydroelectric power plants$zParaguay$xSocial aspects.
=852  41$aBritish Library$bHMNTS$jLF.37.a.271
=856  41$uhttp://core.cambeiro.com.ar/0-159602-0.pdf
=CAT  \\$a8149$b40$c20111005$lBLL01$h1459
=CAT  \\$a5703$b40$c20111027$lBLL01$h1321
=CAT  \\$aBATCH-UPD$b40$c20150222$lBLL01$h2206
=FIN  \\$aY$d20111027
=FMT  \\$a  BK
=LAS  \\$aBATCH-UPD$b40$c20150222$lBLL01$h2206
=SID  \\$aZ39$bLOC

