=LDR  01376 am a22003974a 4500
=001  015958771
=003  Uk
=005  20120412105813.0
=008  091207s2009\\\\ag\\\\\\\b\\\f000\0dspa\d
=010  \\$a  2009400638
=020  \\$a9789872525309
=035  \\$a(AR-BaFGC)0-54528/5
=040  \\$aAR-BaFGC$cAR-BaFGC$dDLC$dUk
=042  \\$aukblderived
=043  \\$ae-sp---
=050  00$aDP142$b.L67 2009
=100  1\$aLópez de Ayala, Pedro,$d1332-1407.
=245  10$aCrónica del rey don Juan Primero /$cPero López de Ayala ; edición crítica, estudio preliminar y notas de Jorge Norberto Ferro.
=260  \\$aBuenos Aires :$bSECRIT,$c2009.
=300  \\$axxx, 402 p. ;$c30 cm.
=336  \\$atext$2rdacontent
=337  \\$aunmediated$2rdamedia
=338  \\$avolume$2rdacarrier
=490  0\$aIncipit ediciones críticas ;$v5
=504  \\$aIncludes bibliographical references (p. [xxvii]-xxx).
=600  00$aJuan$bI,$cKing of Castile and Leon,$d1358-1390.
=651  \0$aCastile (Spain)$xHistory$yJohn I, 1379-1390.
=700  1\$aFerro, Jorge Norberto.
=852  41$aBritish Library$bHMNTS$jYF.2012.b.960
=856  41$uhttp://core.cambeiro.com.ar/0-54528-5.pdf
=CAT  \\$a8229$b40$c20111101$lBLL01$h1130
=CAT  \\$a11002$b40$c20120412$lBLL01$h1058
=FIN  \\$aY$d20120412
=FMT  \\$a  BK
=LAS  \\$a11002$b40$c20120412$lBLL01$h1058
=SRC  \\$aBLL02

