=LDR  01291 am a22004094a 4500
=001  015963538
=003  Uk
=005  20111108120958.0
=008  111013s2011\\\\ag\\\\\\\b\\\\000\0\spa\d
=010  \\$a2011438690
=020  \\$a9789871074952
=035  \\$a(DLC)17037705
=035  \\$a(DLC)2011438690
=035  \\$a(AR-BaFGC)0-73999/15
=040  \\$aAR-BaFGC$cAR-BaFGC$dDLC$dUk
=042  \\$aukblcatcopy
=050  00$aJV51$b.M547 2011
=100  1\$aMignolo, Walter.
=245  13$aEl vuelco de la razón :$bdiferencia colonial y pensamiento fronterizo /$cWalter Mignolo.
=260  \\$aBuenos Aires :$bEdiciones del Signo,$cc2011.
=300  \\$a189 p. ;$c23 cm.
=336  \\$atext$2rdacontent
=337  \\$aunmediated$2rdamedia
=338  \\$avolume$2rdacarrier
=490  0\$aColección Razón política
=504  \\$aIncludes bibliographical references (p. 187-189).
=650  \0$aColonies.
=650  \0$aPostcolonialism.
=650  \0$aKnowledge, Theory of$xPolitical aspects.
=650  \0$aDecolonization.
=852  41$aBritish Library$bHMNTS$jYF.2011.a.24439
=856  41$uhttp://core.cambeiro.com.ar/0-73999-15.pdf
=CAT  \\$a8197$b40$c20111108$lBLL01$h1209
=FIN  \\$aY$d20111108
=FMT  \\$a  BK
=LAS  \\$a8197$b40$c20111108$lBLL01$h1209
=SID  \\$aZ39$bLOC

