=LDR  01619cam a22004214a 4500
=001  015972819
=003  Uk
=005  20120529122704.0
=008  110124s2010\\\\ag\\\\\\\b\\\\000\0\spa\d
=010  \\$a2010504375
=020  \\$z9789876190930
=035  \\$a(AR-BaFGC)0-160845/0
=040  \\$aAR-BaFGC$cAR-BaFGC$dDLC$dUk
=042  \\$aukblderived
=043  \\$as-ag---
=050  00$aHT1123.C7$bL67 2010
=100  1\$aLópez Villagra, Edgardo Darío.
=245  10$aSociedad y esclavitud en la ciudad de Corrientes, 1760-1801 :$bpartidas de bautismos de negros, mulatos y pardos de su Catedral /$cEdgardo Darío López Villagra.
=260  \\$a[Corrientes, Argentina] :$bMoglia Ediciones,$c2010.
=300  \\$a223 p. ;$c21 cm.
=336  \\$atext$2rdacontent
=337  \\$aunmediated$2rdamedia
=338  \\$avolume$2rdacarrier
=504  \\$aIncxludes bibliographcial references (p. 163-199).
=650  \0$aSlavery$zArgentina$zCorrientes$xHistory$y18th century.
=650  \0$aEnslaved persons$zArgentina$zCorrientes$xHistory$y18th century.
=650  \0$aBlack people$zArgentina$zCorrientes$yHistory$y18th century.
=650  \0$aBaptismals records$zArgentina$zCorrientes$xHistory$y18th century.
=852  41$aBritish Library$bHMNTS$jYF.2012.a.14986
=856  41$uhttp://core.cambeiro.com.ar/0-160845-0.pdf
=CAT  \\$a11375$b40$c20111121$lBLL01$h1403
=CAT  \\$a11131$b40$c20120529$lBLL01$h1227
=CAT  \\$a11249$b40$c20230131$lBLL01$h1259
=CAT  \\$a11249$b40$c20230704$lBLL01$h1528
=FIN  \\$aY$d20120529
=FMT  \\$a  BK
=LAS  \\$a11249$b40$c20230704$lBLL01$h1528
=SID  \\$aZ39$bLOC

