=LDR  01751 am a22004334a 4500
=001  015972830
=003  Uk
=005  20120529121512.0
=008  110524s2010\\\\ag\a\\\\\b\\\\000\0\spa\d
=010  \\$a2011438070
=020  \\$z9789876201667
=035  \\$a(AR-BaFGC)0-162249/0
=040  \\$aAR-BaFGC$cAR-BaFGC$dDLC$dUk
=042  \\$aukblderived
=043  \\$as-ag---
=050  00$aHG815$b.L43 2010
=100  1\$aLedesma, Joaquín R.
=245  13$aEl desconcierto argentino :$bhiperinflación /$cJoaquín R. Ledesma ; con la colaboración de María Silvia Ábalo, Evelin Dorsch, Gabriel Caamaño Gómez.
=260  \\$aBuenos Aires :$bEDUCA, Editorial de la Universidad Católica Argentina,$c2010.
=300  \\$a302 p. :$bill. ;$c25 cm. +$e1 DVD (video disc)
=336  \\$atext$2rdacontent
=337  \\$aunmediated$2rdamedia
=338  \\$avolume$2rdacarrier
=504  \\$aIncludes bibliographical references (p. [299]-302).
=650  \0$aInflation (Finance)$zArgentina$xHistory$y20th century.
=650  \0$aMonetary policy$zArgentina$xHistory$y20th century.
=651  \0$aArgentina$zEconomic policy$xHistory$y20th century.
=700  1\$aÁbalo, María Silvia.
=700  1\$aDorsch, Evelin.
=700  1\$aCaamaño Gómez, Gabriel.
=710  2\$aPontificia Universidad Católica Argentina Santa María de los Buenos Aires.$bFacultad de Ciencias Sociales y Económicas.$bCátedra de Economía Argentina.
=852  41$aBritish Library$bHMNTS$jEMF.2012.b.64
=856  41$uhttp://core.cambeiro.com.ar/0-162249-0.pdf
=CAT  \\$a11375$b40$c20111121$lBLL01$h1410
=CAT  \\$a11131$b40$c20120529$lBLL01$h1215
=FIN  \\$aY$d20120529
=FMT  \\$a  BK
=LAS  \\$a11131$b40$c20120529$lBLL01$h1215
=SID  \\$aZ39$bLOC

