=LDR  01367 am a22003974a 4500
=001  016010649
=003  Uk
=005  20120412083545.0
=008  100421s2009\\\\ag\ab\\\\b\\\\000\0\spa\d
=010  \\$a  2010423199
=020  \\$a9789871256631
=035  \\$a(AR-BaFGC)0-153649/3
=040  \\$aAR-BaFGC$cAR-BaFGC$dDLC$dUk
=042  \\$aukblderived
=043  \\$as------
=050  00$aF2230.2.G72$bW55 2009
=100  1\$aWilde, Guillermo,$d1974-
=245  10$aReligión y poder en las misiones de guaraníes /$cGuillermo Wilde.
=250  \\$a1o [sic] ed.
=260  \\$aCiudad Autónoma de Buenos Aires :$bSb,$c2009.
=300  \\$a509 p. :$bill., maps ;$c23 cm.
=336  \\$atext$2rdacontent
=337  \\$aunmediated$2rdamedia
=338  \\$avolume$2rdacarrier
=490  0\$aParadigma indicial. Serie Historia americana
=504  \\$aIncludes bibliographical references (p. 453-509).
=610  20$aJesuits$xMissions$zSouthern Cone of South America$xHistory.
=650  \0$aGuarani Indians$xMissions$zSouthern Cone of South America$xHistory.
=852  41$aBritish Library$bHMNTS$jYF.2012.a.10103
=856  41$uhttp://core.cambeiro.com.ar/0-153649-3.pdf
=CAT  \\$a10934$b40$c20120118$lBLL01$h0916
=CAT  \\$a11002$b40$c20120412$lBLL01$h0835
=FIN  \\$aY$d20120412
=FMT  \\$a  BK
=LAS  \\$a11002$b40$c20120412$lBLL01$h0835
=SRC  \\$aBLL02

