=LDR  01591 am a22004454a 4500
=001  016010673
=003  Uk
=005  20120529140956.0
=008  101014s2010\\\\ag\\\\\\\b\\\\001\0dspa\d
=010  \\$a2010504052
=020  \\$a9789507868313
=035  \\$a(AR-BaFGC)0-83997/9
=040  \\$aAR-BaFGC$cAR-BaFGC$dDLC$dUk
=041  1\$aspa$hger
=042  \\$aukblderived
=043  \\$acl-----
=050  00$aHX110.5.A6$bR4918 2010
=100  1\$aRey, Romeo,$d1942-
=240  00$aIm Sternzeichen des Che Guevara.$lSpanish
=245  10$aBajo el signo del Che :$bteoría y práctica de la izquierda en América Latina /$cRomeo Rey.
=260  \\$aBuenos Aires :$bEditorial Biblos,$cc2010.
=300  \\$a242 p. ;$c23 cm.
=336  \\$atext$2rdacontent
=337  \\$aunmediated$2rdamedia
=338  \\$avolume$2rdacarrier
=490  0\$aLatitud sur colección
=500  \\$aOriginally published in German: Hamburgo : VSA, 2008.
=504  \\$aIncludes bibliographical references (p. 235-238) and index.
=650  \0$aSocialism$zLatin America$xHistory$y20th century.
=650  \0$aSocialism$zLatin America$xHistory$y21st century.
=651  \0$aLatin America$xPolitics and government$y20th century.
=651  \0$aLatin America$xPolitics and government$y21st century.
=852  41$aBritish Library$bHMNTS$jYF.2012.a.14961
=856  41$uhttp://core.cambeiro.com.ar/0-83997-9.pdf
=CAT  \\$a10934$b40$c20120118$lBLL01$h0929
=CAT  \\$a11131$b40$c20120529$lBLL01$h1409
=FIN  \\$aY$d20120529
=FMT  \\$a  BK
=LAS  \\$a11131$b40$c20120529$lBLL01$h1409
=SID  \\$aZ39$bLOC

