=LDR  02558 am a22004697a 4500
=001  016011091
=003  Uk
=005  20120118141525.0
=008  110913s2009\\\\ag\\\\\\\b\\\\000\0\spa\d
=020  \\$a9789872282288
=020  \\$a9872282285
=035  \\$a(OCoLC)763335654
=040  \\$aAR-BaFGC$cN15$dCGU$dPIT$dTJC$dUk
=042  \\$aukblderived
=050  \4$aPQ7798.28.O373$bZ82 2009
=245  03$aLa poesía de Alejandro Guillermo Roemmers :$bcelebración de la existencia /$cJuana Alcira Arancibia, Rosa Tezanos-Pinto, editoras.
=246  30$aCelebración de la existencia
=260  \\$aBuenos Aires :$bEditorial Vinciguerra ;$aWestminster [Calif.] :$bInstituto Literario y Cultural Hispánico,$cc2009.
=300  \\$a219 p. ;$c21 cm.
=336  \\$atext$2rdacontent
=337  \\$aunmediated$2rdamedia
=338  \\$avolume$2rdacarrier
=490  1\$aColección Estudios hispánicos ;$vvol. 15
=490  1\$aVoces hispanoamericanas
=500  \\$aIncludes a selection of poems by Roemmers.
=504  \\$aIncludes bibliographical references.
=505  0\$aCon el corazón en la pluma : el universo Roemmersiano / Benito Gómez Madrid -- La poeticidad como hallazgo : la obra poética de Alejandro Guillermo Roemmers / Juana A. Arancibia -- Un encuentro estético con la poesia de Alejandro Roemmers / Bertha Bilbao Richter -- Mirada a un viaje interior-- un encuentro / Leticia Garriga -- Jóvenes poetas : Roemmers y Hernández / Valeria Badano -- La consagración del poeta Alejandro Guillermo Roemmers / Ester de Izaguirre -- La celebración de la existencia en Como la arena de Alejandro Guillermo Roemmers / Yolanda Rosas -- Como la arena de Alejandro Guillermo Roemmers ; Más allá de Alejandro Guillermo Roemmers / Nélida Norris -- Entrevistas a Alejandro G. Roemmers / Héctor Cavallari ... [et al.] -- Selección de poemas.
=600  10$aRoemmers, Alejandro Guillermo,$d1958-$xCriticism and interpretation.
=700  1\$aArancibia, Juana Alcira.
=700  1\$aTezanos-Pinto, Rosa.
=700  1\$aRoemmers, Alejandro Guillermo,$d1958-
=830  \0$aColección Estudios hispánicos ;$vv. 15.
=830  \0$aVoces hispanoamericanas.
=852  41$aBritish Library$bHMNTS$jYF.2012.a.1303
=856  41$uhttp://core.cambeiro.com.ar/0-109612-19.pdf
=CAT  \\$a8197$b40$c20120118$lBLL01$h1415
=CAT  \\$aBATCH-UPD$b40$c20150125$lBLL01$h2132
=CAT  \\$aBATCH-UPD$b40$c20151003$lBLL01$h1718
=FIN  \\$aY$d20120118
=FMT  \\$a  BK
=LAS  \\$aBATCH-UPD$b40$c20151003$lBLL01$h1718
=SID  \\$aZ39$bOCLC

