=LDR  01600 am a22004217a 4500
=001  016011120
=003  Uk
=005  20120118142930.0
=008  110913s2011\\\\ag\a\\\\\b\\\\000\0\spa\d
=020  \\$a9789871614066
=020  \\$a9871614063
=035  \\$a(OCoLC)763334706
=040  \\$aAR-BaFGC$cN15$dPIT$dUk
=042  \\$aukblderived
=050  \4$aPQ7797.S214$bZ81 2011
=100  1\$aPariente, Queli.
=245  13$aLa alquimia en la escritura y la pintura de Ernesto Sabato :$bconiunctio alquímica entre imagen y palabra /$cQueli Pariente-Ahmed ; con prólogo de María del Carmen Tacconi.
=260  \\$aBuenos Aires :$bGeorges Zanun Editores :$bInstituto Literario y Cultural Hispánico,$c2011.
=300  \\$a326 p. :$bill. (some col.) ;$c23 cm.
=336  \\$atext$2rdacontent
=337  \\$aunmediated$2rdamedia
=338  \\$avolume$2rdacarrier
=490  1\$aColección Estudios hispánicos ;$vvol. 17
=504  \\$aIncludes bibliographical references (p. 263-270).
=600  10$aSábato, Ernesto R.$tAbaddón el exerminador.
=650  \0$aAuthors as artists$zArgentina.
=650  \0$aAlchemy in literature.
=650  \0$aAlchemy in art.
=830  \0$aColección Estudios hispánicos ;$v. 17.
=852  41$aBritish Library$bHMNTS$jYF.2012.a.1310
=856  41$uhttp://core.cambeiro.com.ar/0-109612-18.pdf
=CAT  \\$a8197$b40$c20120118$lBLL01$h1429
=CAT  \\$aBATCH-UPD$b40$c20150213$lBLL01$h2038
=CAT  \\$aBATCH-UPD$b40$c20151003$lBLL01$h1718
=FIN  \\$aY$d20120118
=FMT  \\$a  BK
=LAS  \\$aBATCH-UPD$b40$c20151003$lBLL01$h1718
=SID  \\$aZ39$bOCLC

