=LDR  04186 am a22004217a 4500
=001  016011126
=003  Uk
=005  20120118143139.0
=008  090807s2009\\\\caua\\\\\b\\\\000\0\spa\c
=020  \\$a9872282293 (pbk.)
=020  \\$a9789872282295 (pbk.)
=035  \\$a(OCoLC)429686744$z(OCoLC)762078421$z(OCoLC)762078426
=040  \\$aFQG$cFQG$dPIT$dTJC$dUk$dN15
=042  \\$aukblderived
=043  \\$acl-----
=050  \4$aPQ7081$b.N674 2009
=100  1\$aNorris, Nélida.
=245  10$aSemblanzas críticas de la literatura iberoamericana /$cNélida Norris.
=246  18$aSemblanzas críticas de la literatura hispanoamericana
=260  \\$aWestminster, CA :$bInstituto Literario y Cultural Hispánico,$c2009.
=300  \\$a291 p. :$bill. (some col.) ;$c23 cm.
=336  \\$atext$2rdacontent
=337  \\$aunmediated$2rdamedia
=338  \\$avolume$2rdacarrier
=490  1\$aColección Estudios hispánicos ;$vv. 16
=504  \\$aIncludes bibliographical references.
=505  0\$aUn enfoque del ascendiente cultural europeo en Nuestra Señora de Bonaria del siglo XIX -- Marcos Aguinis : etopeya y epopeya en El combate perpetuo, de Marcos Aguinis -- Marcos Aguinis : el humor aleccionador en cuatro cuentos de Marcos Aguinis -- Enrique Anderson Imbert : la visibilidad pictórica en la obra de Enrique Anderson Imbert -- Juana Alcira Arancibia, editora y directora : Alba de América -- Teresa de la Parra : texturas, formas y lenguage en Las memorias de Mamá Blanca, de Teresa de la Parra -- Marcela del Río : catarsis ekphrastica en Homenaje a Remedios Varo, de Marcela del Río -- Ester de Izaguirre : Último domicilio conocido : linaje poético en la narrativa de Ester de Izaguirre -- Luiz de Miranda : La sacra exaltación de Luiz de Miranda en Cantos de sesmaria -- Ana Rosa Núñez : influencia huidobriana en Crisantemos chrysanthemums, de Ana R. Núñez -- Nélida Piñon : la ilusión como prurito estético en La dulce canción de Cayetana, de Nélida Piñon -- Rubén Vela : la palabra, sentimiento unificador en Poesía y libertad, de Rubén Vela -- Academía Argentina de Letras : Lecturas cervantinas -- Claribel Alegría : Fugues -- Horacio Armani : Veneno lento -- Juana Alcira Arancibia : Porque es de piedra el corazón de todo -- José Barbosa da Silva : Dolor del tiempo -- Velia Bosch : Clarividencia pedagógica en A bordo de la imaginación, de Velia Bosch -- Edith Canceco : el mar iluminado -- Marcela del Río : La utopía de María -- Nuri Escorza : Plenamarea -- Julia Garzón Funes : Réquiem para mi madre, Inventario de amores -- Ana María Gil : La gran ausente -- Carolina de Grinbaum : El amor se cocina a fuego lento -- Carolina de Grinbaum : La confesión de la piedra -- Liria Guedes : Las puertas de La Piedad -- Ester de Izaguirre : espacios poéticos o actos redentores en la poesía de Ester de Izaguirre -- Sebastián Jorgi : Trenes a Bolívar, Tardes del Lorraine -- Sebastián Jorgi : Rock nena linda -- Josefina Leyva : Entre los rostros de Tailandia -- Lucía Melgar y Gabriela Mora, editoras : Elena Garro : lectura múltiple de una personalidad compleja -- Nélida Piñón : Voces do deserto -- Cristina Pizarro : Jacarandáes en celo -- Victoria Pueyredon : Mis reportajes -- Alejandro Guillermo Roemmers : Más allá -- Alejandro Guillermo Roemmers : como la arena -- Yolanda Rosas : Retrato de un poeta : Rubén Vela -- Lily Sosa de Newton : las argentinas y su historia -- Nina Thürler, seleccionadora : Rubén Vela : poemas americanos -- Georges Zanun Editores : Poetas y narradores de Iberoamérica.
=650  \0$aSpanish American literature$y21st century$xHistory and criticism.
=650  \0$aSpanish American literature$y20th century$xHistory and criticism.
=830  \0$aColección Estudios hispánicos ;$vv. 16.
=852  41$aBritish Library$bHMNTS$jYF.2012.a.1308
=856  41$uhttp://core.cambeiro.com.ar/0-109612-17.pdf
=CAT  \\$a8197$b40$c20120118$lBLL01$h1431
=CAT  \\$aBATCH-UPD$b40$c20151003$lBLL01$h1718
=FIN  \\$aY$d20120118
=FMT  \\$a  BK
=LAS  \\$aBATCH-UPD$b40$c20151003$lBLL01$h1718
=SID  \\$aZ39$bOCLC

