=LDR  03811 am a22004577a 4500
=001  016011146
=003  Uk
=005  20120118144652.0
=008  110913s2009\\\\caua\\\\\b\\\\000\0\spa\d
=020  \\$a9789872508432
=020  \\$a9872508437
=035  \\$a(OCoLC)762078294
=040  \\$aAR-BaFGC$cN15$dCGU$dTJC$dUk
=042  \\$aukblderived
=043  \\$acl-----$ae-sp---
=050  \4$aPQ7081.5$b.M854 2009
=245  03$aLa mujer en la literatura del mundo hispánico /$cJuana Alcira Arancibia, Rosa Tezanos-Pinto, editoras.
=260  \\$aWestminster, CA :$bInstituto Literario y Cultural Hispánico,$c2009.
=300  \\$a341 p. :$bill. (some col.) ;$c23 cm.
=336  \\$atext$2rdacontent
=337  \\$aunmediated$2rdamedia
=338  \\$avolume$2rdacarrier
=490  1\$aColección La mujer en la literatura hispánica ;$vv. 8
=504  \\$aIncludes bibliographical references.
=505  0\$aIntroducción : la mujer en la literatura del mundo hispánico : revisiones y nuevas tendencias / Juana Arancibia y Rosa Tezanos-Pinto -- Cosmofobia de Lucía Etxebarria e Instrucciones para salvar el mundo de Rosa Montero : complejidad cultural en la España global / Pilar Valero-Costa -- Desde Guinea Ecuatorial a la escena global : Cuentos y música de María Nsué / Dosinda García-Alvite -- Estrella de agua de Lady Rojas, un imaginario de la identidad / Aimée Bolaños -- La escritura de Luisa Mercedes Levinson : una relectura / Juana Arancibia -- Magda Portal Moreno en el debate de los géneros de 1920 a 1930 / Lady Rojas Benavente -- La mirada de Ruth : fabulaciones del linaje en la poesía de Tamara Kamenszain / Denise León -- Sor Juana Inés de la Cruz / Alicia Jurado -- Presencia de Un cuarto propio de Virginia Woolf en las piezas de teatro breve de Griselda Gambaro / Catalina Julia Artesi -- Uso denigrante de lo femenino en las sociedades precolombinas / Rima de Vallbona -- Discursos de transgresión en Dulce compañía de Laura Restrepo / Rosana Díaz Zambrana -- Andando por los márgenes : travestismo y lenguaje en Sirena Selena vestida de pena de Mayra Santos-Febres / Michele C. Dávila Gonçalvez -- Escribir con el cuerpo : el discurso de Luisa Valenzuela / Nilda Ma. Flawiá de Fernández -- Kalpa imperial, metáfora de la historia / María Rosa Lojo -- Mírala parirse a propósito de Historia de mi madre de Angélica Gorodischer / Valeria Badano -- Liliana Hecker : la des/figuración del orden / Mario Cavallari -- Deseo, represión y locura en Delirio de Laura Restrepo / María Claudia Andre -- Irene Marquina : el destino de un personaje / Anthony J. Robb -- La seducción de la mirada en la novela Ayer no ha terminado todavía de Ester de Izaguirre / Bertha Bilbao Richter. -- Marta Díez, Rubén Vela : máscaras-esculturas, poesías / Nélida Norris -- Catarsis ekphrástica en Homenaje a Remedios Varo de Marcela del Río -- Entrevista a Angélica Gorodischer / Ramón Blanco y Valeria Vadano -- Entrevista a Myriam Bustos Arratia / Marina Martín.
=650  \0$aSpanish American literature$xWomen authors$xHistory and criticism.
=650  \0$aSpanish literature$xWomen authors$xHistory and criticism.
=650  \0$aWomen in literature.
=700  1\$aArancibia, Juana Alcira.
=700  1\$aTezanos-Pinto, Rosa.
=830  \0$aColección La mujer en la literatura hispánica ;$vv. 8.
=852  41$aBritish Library$bHMNTS$jYF.2012.a.1307
=856  41$uhttp://core.cambeiro.com.ar/0-59121-7.pdf
=CAT  \\$a8197$b40$c20120118$lBLL01$h1444
=CAT  \\$a8197$b40$c20120118$lBLL01$h1445
=CAT  \\$a8197$b40$c20120118$lBLL01$h1446
=CAT  \\$aBATCH-UPD$b40$c20170930$lBLL01$h1721
=FIN  \\$aY$d20120118
=FMT  \\$a  BK
=LAS  \\$aBATCH-UPD$b40$c20170930$lBLL01$h1721
=SID  \\$aZ39$bOCLC

