=LDR  01616 am a22004097a 4500
=001  016029900
=003  Uk
=005  20120529114826.0
=008  110502s2010\\\\ag\\\\\\\b\\\\001\0\spa\d
=020  \\$z9789507931048
=035  \\$a(OCoLC)747315109
=040  \\$aAR-BaFGC$cN15$dCGU$dUk
=042  \\$aukblderived
=043  \\$as-ag---
=050  \4$aHD3468$b.M46 2010
=245  00$aMentiras y verdades sobre el capital de los pobres :$bperspectivas desde la economía social y solidaria /$cJosé Luis Coraggio, Valeria Costanzo, editores ; María Sol Arroyo ... [ et al.].
=260  \\$aCABA [i.e. Ciudad Autónoma de Buenos Aires] :$bImago Mundi ;$aLos Polvorines, Provincia de Buenos Aires, Argentina :$bUniversidad Nacional de General Sarmiento,$cc2010.
=300  \\$a343 p. ;$c22 cm.
=336  \\$atext$2rdacontent
=337  \\$aunmediated$2rdamedia
=338  \\$avolume$2rdacarrier
=490  1\$aColección Lecturas de economía social
=504  \\$aIncludes bibliographical references (p. [327]-339) and index.
=650  \0$aCooperation$zArgentina.
=650  \0$aCooperative societies$zArgentina$vCase studies.
=650  \0$aCapitalism$zArgentina.
=700  1\$aCoraggio, José Luis.
=700  1\$aCostanzo, Valeria.
=830  \0$aColección Lecturas de economía social.
=852  41$aBritish Library$bHMNTS$jYF.2012.a.14975
=856  41$uhttp://core.cambeiro.com.ar/0-162470-1.pdf
=CAT  \\$a7040$b40$c20120214$lBLL01$h1444
=CAT  \\$a11131$b40$c20120529$lBLL01$h1148
=FIN  \\$aY$d20120529
=FMT  \\$a  BK
=LAS  \\$a11131$b40$c20120529$lBLL01$h1148
=SID  \\$aZ39$bOCLC

