=LDR  01267 am a22003974a 4500
=001  016029922
=003  Uk
=005  20120612135637.0
=008  110512s2011\\\\ag\\\\\\\b\\\\000\0\spa\d
=010  \\$a2011438101
=020  \\$a9789500735049
=035  \\$a(AR-BaFGC)0-101003/64
=040  \\$aAR-BaFGC$cAR-BaFGC$dDLC$dUk
=042  \\$aukblderived
=043  \\$as-ag---
=050  00$aF2849.3$b.S27 2011
=100  1\$aSarlo, Beatriz.
=245  13$aLa audacia y el cálculo :$bKirchner 2003-2010 /$cBeatriz Sarlo.
=260  \\$aBuenos Aires :$bSudamericana,$cc2011.
=300  \\$a236 p. ;$c23 cm.
=336  \\$atext$2rdacontent
=337  \\$aunmediated$2rdamedia
=338  \\$avolume$2rdacarrier
=504  \\$aIncludes bibliographical references.
=600  10$aKirchner, Néstor.
=650  \0$aCommunication in politics$zArgentina.
=650  \0$aPersonality and politics$zArgentina.
=651  \0$aArgentina$xPolitics and government$y2002-
=852  41$aBritish Library$bHMNTS$jYF.2012.a.16233
=856  41$uhttp://core.cambeiro.com.ar/0-101003-64.pdf
=CAT  \\$a7040$b40$c20120214$lBLL01$h1458
=CAT  \\$a11002$b40$c20120612$lBLL01$h1356
=FIN  \\$aY$d20120612
=FMT  \\$a  BK
=LAS  \\$a11002$b40$c20120612$lBLL01$h1356
=SID  \\$aZ39$bLOC

