=LDR  01408 am a22004094a 4500
=001  016029947
=003  Uk
=005  20120412073231.0
=008  110907s2011\\\\ag\\\\\\\\\\\\000\0dspa\d
=010  \\$a2011438494
=020  \\$z9789500398480
=035  \\$a(AR-BaFGC)0-162864/0
=040  \\$aAR-BaFGC$cAR-BaFGC$dDLC$dUk
=042  \\$aukblderived
=043  \\$as-ag---
=050  00$aF2976.B56$bA53 2011
=100  1\$aBinner, Hermes,$d1943-
=245  10$aHermes Binner :$bprimer gobernador socialista de la Argentina : diálogos /$cDaniel Attala [interviewer].
=250  \\$a1. ed.
=260  \\$aBuenos Aires :$bEditorial Losada,$c2011.
=300  \\$a445 p. ;$c23 cm.
=336  \\$atext$2rdacontent
=337  \\$aunmediated$2rdamedia
=338  \\$avolume$2rdacarrier
=600  10$aBinner, Hermes,$d1943-$vInterviews.
=650  \0$aGovernors$zArgentina$zSanta Fe (Province)$vInterviews.
=650  \0$aSocialists$zArgentina$zSanta Fe (Province)$vInterviews.
=651  \0$aSanta Fe (Argentina : Province)$xPolitics and government$y21st century.
=700  1\$aAttala, Daniel,$d1965-
=852  41$aBritish Library$bHMNTS$jYF.2012.a.10126
=856  41$uhttp://core.cambeiro.com.ar/0-162864-0.pdf
=CAT  \\$a7040$b40$c20120214$lBLL01$h1535
=CAT  \\$a11002$b40$c20120412$lBLL01$h0732
=FIN  \\$aY$d20120412
=FMT  \\$a  BK
=LAS  \\$a11002$b40$c20120412$lBLL01$h0732
=SID  \\$aZ39$bLOC

