=LDR  01671 am a22004334a 4500
=001  016029953
=003  Uk
=005  20120529110348.0
=008  110914s2011\\\\ag\a\\\\\b\\\\000\0\spa\d
=010  \\$a2011438541
=020  \\$z9789876291644
=035  \\$a(AR-BaFGC)0-163214/0
=040  \\$aAR-BaFGC$cAR-BaFGC$dDLC$dUk
=042  \\$aukblderived
=043  \\$as-ag---
=050  00$aHV9583$b.M85 2011
=245  00$aMujeres en prisión :$blos alcances del castigo.
=260  \\$aBuenos Aires :$bSiglo Veintiuno Editores :$bCentro de Estudios Legales y Sociales :$bMinisterio Público de Defensa de la Nación :$bProcuración Penitenciaria de la Nación,$cc2011.
=300  \\$a283 p. :$bill. ;$c21 cm.
=336  \\$atext$2rdacontent
=337  \\$aunmediated$2rdamedia
=338  \\$avolume$2rdacarrier
=504  \\$aIncludes bibliographical references (p. [279]-283).
=610  20$aArgentina.$bSistema Penitenciario Federal.
=650  \0$aWomen prisoners$zArgentina.
=650  \0$aReformatories for women$zArgentina$vCase studies.
=650  \0$aWomen prisoners$xAbuse of$zArgentina$vCase studies.
=710  2\$aCentro de Estudios Legales y Sociales (Argentina)
=710  1\$aArgentina.$bMinisterio Público de la Defensa.
=710  2\$aProcuración Penitenciara Nacional (Argentina)
=852  41$aBritish Library$bHMNTS$jYF.2012.a.14973
=856  41$uhttp://core.cambeiro.com.ar/0-163214-0.pdf
=CAT  \\$a7040$b40$c20120214$lBLL01$h1538
=CAT  \\$aBATCH-UPD$b40$c20120229$lBLL01$h2141
=CAT  \\$a11131$b40$c20120529$lBLL01$h1103
=FIN  \\$aY$d20120529
=FMT  \\$a  BK
=LAS  \\$a11131$b40$c20120529$lBLL01$h1103
=SID  \\$aZ39$bLOC

