=LDR  01456 am a22004214a 4500
=001  016029962
=003  Uk
=005  20120530073000.0
=008  110708s2011\\\\ag\af\\\\b\\\\000\0bspa\d
=010  \\$a  2011438266
=020  \\$a9789500433259
=035  \\$a(AR-BaFGC)0-162811/0
=040  \\$aAR-BaFGC$cAR-BaFGC$dDLC$dUk
=042  \\$aukblderived
=043  \\$as-ag---
=050  00$aF2849.22.M65$bC37 2011
=100  1\$aCarril, Mario del.
=245  13$aLa vida de Emilio Mignone :$bjusticia, catolicismo y derechos humanos /$cMario del Carril ; prólogo de Hilda Sabato.
=250  \\$a1a ed.
=260  \\$aBuenos Aires :$bEmecé,$c2011.
=300  \\$a391 p., [14] plates. :$bill. ;$c23 cm.
=336  \\$atext$2rdacontent
=337  \\$aunmediated$2rdamedia
=338  \\$avolume$2rdacarrier
=504  \\$aIncludes bibliographical references (p. 375-[392]).
=600  10$aMignone, Emilio Fermín.
=650  \0$aHuman rights workers$zArgentina$vBiography.
=650  \0$aPoliticians$xArgentina$vBiography.
=651  \0$aArgentina$xPolitics and government$y1955-1983.
=651  \0$aArgentina$xPolitics and government$y1983-2002.
=852  41$aBritish Library$bHMNTS$jYF.2012.a.14984
=856  41$uhttp://core.cambeiro.com.ar/0-162811-0.pdf
=CAT  \\$a7040$b40$c20120214$lBLL01$h1542
=CAT  \\$a11131$b40$c20120530$lBLL01$h0730
=FIN  \\$aY$d20120530
=FMT  \\$a  BK
=LAS  \\$a11131$b40$c20120530$lBLL01$h0730
=SRC  \\$aBLL02

