=LDR  01219 am a22003854a 4500
=001  016029979
=003  Uk
=005  20120612155104.0
=008  110728s2011\\\\ag\a\\\\\\\\\\000\0bspa\d
=010  \\$a  2011438331
=020  \\$a9789500736237
=035  \\$a(AR-BaFGC)0-109555/58
=040  \\$aAR-BaFGC$cAR-BaFGC$dDLC$dUk
=042  \\$aukblderived
=043  \\$as-ag---
=050  00$aF2849.33.K55$bR87 2011
=100  1\$aRusso, Sandra.
=245  13$aLa presidenta :$bhistoria de una vida /$cSandra Russo.
=260  \\$aBuenos Aires :$bSudamericana,$cc2011.
=300  \\$a317 p. :$bill. (some col.) ;$c23 cm.
=336  \\$atext$2rdacontent
=337  \\$aunmediated$2rdamedia
=338  \\$avolume$2rdacarrier
=600  10$aFernández de Kirchner, Cristina.
=600  10$aKirchner, Néstor.
=650  \0$aPresidents$zArgentina$vBiography.
=651  \0$aArgentina$xPolitics and government$y2002-
=852  41$aBritish Library$bHMNTS$jYF.2012.a.16229
=856  41$uhttp://core.cambeiro.com.ar/0-109555-58.pdf
=CAT  \\$a7040$b40$c20120214$lBLL01$h1551
=CAT  \\$a11002$b40$c20120612$lBLL01$h1551
=FIN  \\$aY$d20120612
=FMT  \\$a  BK
=LAS  \\$a11002$b40$c20120612$lBLL01$h1551
=SRC  \\$aBLL02

