=LDR  01483 am a22003974a 4500
=001  016029986
=003  Uk
=005  20120529142831.0
=008  110916s2011\\\\ag\ab\\\\b\\\\000\0\spa\d
=010  \\$a2011438533
=020  \\$a9789879028766
=035  \\$a(AR-BaFGC)0-56188/13
=040  \\$aAR-BaFGC$cAR-BaFGC$dDLC$dUk
=042  \\$aukblderived
=043  \\$as-ag---
=050  00$aHD6077.2.A72$bW56 2011
=100  1\$aValerio, María del Carmen.
=245  13$aLa proeza de estas mujeres y "una lucha a brazo partido" :$bmujeres agropecuarias en lucha de la región pampeana : una identidad silenciada /$cMaría del Carmen Valerio.
=260  \\$aBuenos Aires :$bEditorial La Colmena,$cc2011.
=300  \\$a239 p. :$bill., maps ;$c23 cm.
=336  \\$atext$2rdacontent
=337  \\$aunmediated$2rdamedia
=338  \\$avolume$2rdacarrier
=504  \\$aIncludes bibliographical references (p. [230]-239).
=610  20$aMujeres Agropecuarias en Lucha (Argentina)$xHistory.
=650  \0$aWomen agricultural laborers$xPolitical activity$zArgentina.
=650  \0$aSocial movements$zArgentina$zWinifreda.
=852  41$aBritish Library$bHMNTS$jYF.2012.a.14963
=856  41$uhttp://core.cambeiro.com.ar/0-56188-13.pdf
=CAT  \\$a7040$b40$c20120214$lBLL01$h1554
=CAT  \\$a11131$b40$c20120529$lBLL01$h1428
=CAT  \\$aBATCH-UPD$b40$c20160706$lBLL01$h1633
=FIN  \\$aY$d20120529
=FMT  \\$a  BK
=LAS  \\$aBATCH-UPD$b40$c20160706$lBLL01$h1633
=SID  \\$aZ39$bLOC

