=LDR  01495 am a22004214a 4500
=001  016029995
=003  Uk
=005  20120529144748.0
=008  110920s2011\\\\ag\\\\\\\b\\\\000\0dspa\d
=010  \\$a2011438583
=020  \\$z9789870417453
=035  \\$a(AR-BaFGC)0-163075/0
=040  \\$aAR-BaFGC$cAR-BaFGC$dDLC$dUk
=042  \\$aukblderived
=043  \\$as-ag---
=050  00$aF2991.B97$bC35 2011
=100  1\$aCalvo, Pablo,$d1968-
=245  14$aLos mendigos y el tirano :$bBussi y la emboscada a los vagabundos de Tucumán /$cPablo Calvo.
=250  \\$a1. ed.
=260  \\$aCiudad de Buenos Aires :$bAguilar,$c2011.
=300  \\$a245 p. ;$c24 cm.
=336  \\$atext$2rdacontent
=337  \\$aunmediated$2rdamedia
=338  \\$avolume$2rdacarrier
=504  \\$aIncludes bibliographical references (p. 233-245).
=600  10$aBussi, Antonio Domingo,$d1926-2011$xTrials, litigation, etc.
=600  10$aMartínez, Tomás Eloy$xTrials, litigation, etc.
=650  \0$aTrials (Libel)$zArgentina.
=650  \0$aBeggars$zArgentina$zTucumán (Province)$xHistory$y20th century.
=650  \0$aSocial control$zArgentina$zTucumán (Province)$xHistory$y20th century.
=852  41$aBritish Library$bHMNTS$jYF.2012.a.15316
=856  41$uhttp://core.cambeiro.com.ar/0-163075-0.pdf
=CAT  \\$a7040$b40$c20120214$lBLL01$h1557
=CAT  \\$a11131$b40$c20120529$lBLL01$h1447
=FIN  \\$aY$d20120529
=FMT  \\$a  BK
=LAS  \\$a11131$b40$c20120529$lBLL01$h1447
=SID  \\$aZ39$bLOC

