=LDR  01325 am a22003974a 4500
=001  016030002
=003  Uk
=005  20120614154158.0
=008  110617s2011\\\\ag\a\\\\\b\\\\000\0\spa\d
=010  \\$a2011438159
=020  \\$a9789505634781 (set : pbk.)
=020  \\$a9789505634767 (t. 1 : pbk.)
=020  \\$a9789505634774 (t. 2 : pbk.)
=035  \\$a(AR-BaFGC)0-162631/2
=040  \\$aAR-BaFGC$beng$cAR-BaFGC$dDLC$dUk
=042  \\$aukblsr
=043  \\$as-ag---
=050  00$aF2831$b.G1762 2011
=100  1\$aGalasso, Norberto.
=245  10$aHistoria de la Argentina :$bdesde los pueblos originarios hasta el tiempo de los Kirchner /$cNorberto Galasso.
=260  \\$aBuenos Aires :$bColihue,$c[2011]
=300  \\$a2 v. :$bill. ;$c24 cm.
=336  \\$atext$2rdacontent
=337  \\$aunmediated$2rdamedia
=338  \\$avolume$2rdacarrier
=504  \\$aIncludes bibliographical references (t. 2, p. [627]-647).
=651  \0$aArgentina$xHistory.
=852  41$aBritish Library$bHMNTS$jYF.2012.a.16610
=852  41$aBritish Library$bHMNTS$jYF.2012.a.16609
=856  41$uhttp://core.cambeiro.com.ar/0-162631-2.pdf
=CAT  \\$a7040$b40$c20120214$lBLL01$h1601
=CAT  \\$a5521$b40$c20120614$lBLL01$h1541
=FIN  \\$aY$d20120614
=FMT  \\$a  BK
=LAS  \\$a5521$b40$c20120614$lBLL01$h1541
=SID  \\$aZ39$bLOC

