=LDR  01246 am a22003734a 4500
=001  016030007
=003  Uk
=005  20120412105109.0
=008  110906s2010\\\\ag\a\\\\\\\\\\000\0\spa\d
=010  \\$a2011438484
=020  \\$a9789870593614
=035  \\$a(AR-BaFGC)0-161231/0
=040  \\$aAR-BaFGC$cAR-BaFGC$dDLC$dUk
=042  \\$aukblderived
=043  \\$as-ag---
=050  00$aHS1508.A7$bH57 2010
=245  00$aHistorias de la inmigración y memorias del mutualismo /$cpor Noemí Gladys Gorriz [compiler].
=250  \\$a1. ed.
=260  \\$a[C.A.B.A. i.e. Ciudad Autónoma de Buenos Aires] :$bN.G. Gorriz,$c2010.
=300  \\$a455 p. :$bchiefly col. ill. ;$c28 cm. +$e1 DVD.
=336  \\$atext$2rdacontent
=337  \\$aunmediated$2rdamedia
=338  \\$avolume$2rdacarrier
=650  \0$aFraternal organizations$zArgentina$xHistory.
=650  \0$aMutualism$zArgentina$xHistory.
=700  1\$aGorriz, Noemí Gladys.
=852  41$aBritish Library$bHMNTS$jEMF.2012.b.43
=856  41$uhttp://core.cambeiro.com.ar/0-161231-0.pdf
=CAT  \\$a7040$b40$c20120214$lBLL01$h1604
=CAT  \\$a11002$b40$c20120412$lBLL01$h1051
=FIN  \\$aY$d20120412
=FMT  \\$a  BK
=LAS  \\$a11002$b40$c20120412$lBLL01$h1051
=SID  \\$aZ39$bLOC

