=LDR  01503 am a22004214a 4500
=001  016030010
=003  Uk
=005  20120612140119.0
=008  110704s2011\\\\ag\\\\\\\b\\\\000\0\spa\d
=010  \\$a2011438196
=020  \\$a9789507543210
=035  \\$a(AR-BaFGC)0-156261/3
=040  \\$aAR-BaFGC$cAR-BaFGC$dDLC$dUk
=042  \\$aukblderived
=043  \\$an-us---$as-ag---
=050  00$aE183.8.A7$bM67 2011
=100  1\$aMorgenfeld, Leandro Ariel.
=245  10$aVecinos en conflicto :$bArgentina y Estados Unidos en las conferencias panamericanas, 1880-1955 /$cLeandro Morgenfeld ; [prólogo de Mario Rapoport].
=250  \\$a1a ed.
=260  \\$a[Argentina] :$bPeña Lillo ;$aBuenos Aires :$bEdiciones Continente,$c[2011]
=300  \\$a447 p. ;$c23 cm.
=336  \\$atext$2rdacontent
=337  \\$aunmediated$2rdamedia
=338  \\$avolume$2rdacarrier
=490  0\$aBiblioteca Artillería del pensamiento
=504  \\$aIncludes bibliographical references (p. 433-447).
=610  20$aPan American Union.
=650  \0$aInter-American conferences.
=651  \0$aUnited States$xForeign relations$zArgentina.
=651  \0$aArgentina$xForeign relations$zUnited States.
=852  41$aBritish Library$bHMNTS$jYF.2012.a.16238
=856  41$uhttp://core.cambeiro.com.ar/0-156261-3.pdf
=CAT  \\$a7040$b40$c20120214$lBLL01$h1607
=CAT  \\$a11002$b40$c20120612$lBLL01$h1401
=FIN  \\$aY$d20120612
=FMT  \\$a  BK
=LAS  \\$a11002$b40$c20120612$lBLL01$h1401
=SID  \\$aZ39$bLOC

