=LDR  01654 am a22004574a 4500
=001  016030018
=003  Uk
=005  20120612143016.0
=008  110912s2011\\\\ag\abf\\\b\\\\000\0\spa\d
=010  \\$a2011438546
=020  \\$a9789876281171
=035  \\$a(AR-BaFGC)0-125398/30
=040  \\$aAR-BaFGC$cAR-BaFGC$dDLC$dUk
=042  \\$aukblderived
=043  \\$as-ag---
=050  00$aGF91.A7$bS55 2011
=100  1\$aSilvestri, Graciela.
=245  13$aEl lugar común :$buna historia de las figuras de paisaje en el Río de la Plata /$cGraciela Silvestri ; edición a cargo de Juan Suriano.
=250  \\$a1. ed.
=260  \\$aBuenos Aires :$bEdhasa,$c2011.
=300  \\$a409 p., [8] p. of plates :$bill. (some col.), maps ;$c23 cm.
=336  \\$atext$2rdacontent
=337  \\$aunmediated$2rdamedia
=338  \\$avolume$2rdacarrier
=490  0\$aEnsayo
=504  \\$aIncludes bibliographical references.
=650  \0$aLandscape assessment$zArgentina$xHistory.
=650  \0$aNational characteristics, Argentine.
=650  \0$aLandscape assessment$zRio de la Plata Region (Argentina and Uruguay)$xHistory.
=651  \0$aArgentina$xDescription and travel.
=651  \0$aRio de la Plata Region (Argentina and Uruguay)$xDescription and travel.
=700  1\$aSuriano, Juan.
=852  41$aBritish Library$bHMNTS$jYF.2012.a.16185
=856  41$uhttp://core.cambeiro.com.ar/0-125398-30.pdf
=CAT  \\$a7040$b40$c20120214$lBLL01$h1615
=CAT  \\$a11002$b40$c20120612$lBLL01$h1429
=CAT  \\$a11002$b40$c20120612$lBLL01$h1430
=FIN  \\$aY$d20120612
=FMT  \\$a  BK
=LAS  \\$a11002$b40$c20120612$lBLL01$h1430
=SID  \\$aZ39$bLOC

