=LDR  01361cam a22004094a 4500
=001  016030035
=003  Uk
=005  20120529115837.0
=008  110915s2011\\\\ag\a\\\\\q\\\\000\0bspa\d
=010  \\$a2011438537
=020  \\$a9789871622078
=035  \\$a(AR-BaFGC)0-163442/1
=040  \\$aAR-BaFGC$cAR-BaFGC$dDLC$dUk
=042  \\$aukblderived
=043  \\$as-ag---
=050  00$aPN1998.3.C35$bD346 2011
=100  1\$aDi Tella, Andrés.
=245  10$aHachazos :$bbiografía experimental sobre Claudio Caldini /$cAndrés Di Tella.
=260  \\$aBuenos Aires :$bCaja Negra,$cc2011.
=300  \\$a123 p. :$bill. ;$c20 cm.
=336  \\$atext$2rdacontent
=337  \\$aunmediated$2rdamedia
=338  \\$avolume$2rdacarrier
=490  0\$aSynesthesia ;$v2
=500  \\$aIncludes Caldini's filmography.
=600  10$aCaldini, Claudio.
=650  \0$aMotion picture producers and directors$zArgentina$vBiography.
=650  \0$aExperimental films$zArgentina$xHistory and criticism.
=852  41$aBritish Library$bHMNTS$jYF.2012.a.14976
=856  41$uhttp://core.cambeiro.com.ar/0-163442-1.pdf
=CAT  \\$a7040$b40$c20120214$lBLL01$h1627
=CAT  \\$a11131$b40$c20120529$lBLL01$h1158
=CAT  \\$aBATCH-UPD$b40$c20231005$lBLL01$h2108
=FIN  \\$aY$d20120529
=FMT  \\$a  BK
=LAS  \\$aBATCH-UPD$b40$c20231005$lBLL01$h2108
=SID  \\$aZ39$bLOC

