=LDR  01304 am a22003857a 4500
=001  016030039
=003  Uk
=005  20120612132421.0
=008  111107s2011\\\\ag\\\\\\\b\\\\000\0\spa\d
=020  \\$a9789507869082
=020  \\$a9507869085
=035  \\$a(OCoLC)772391762
=040  \\$aAR-BaFGC$cN15$dUk
=042  \\$aukblderived
=043  \\$as-ag---
=050  \4$aPN1995.9.D6$bD57 2011
=245  00$aDisrupción social y boom documental cinematográfico / :$bArgentina en los años 60 y 90 /$cIrene Marrone y Mercedes Moyano Walker, editoras.
=260  \\$aBuenos Aires :$bEditorial Biblos,$cc2011.
=300  \\$a296 p. ;$c20 cm.
=336  \\$atext$2rdacontent
=337  \\$aunmediated$2rdamedia
=338  \\$avolume$2rdacarrier
=490  0\$aInvestigaciones y ensayos
=504  \\$aIncludes bibliographical references (p. 283-292).
=650  \0$aDocumentary films$zArgentina$xHistory and criticism.
=700  1\$aMarrone, Irene.
=700  1\$aMoyano Walker, Mercedes.
=852  41$aBritish Library$bHMNTS$jYF.2012.a.16151
=856  41$uhttp://core.cambeiro.com.ar/0-155719-23.pdf
=CAT  \\$a7040$b40$c20120214$lBLL01$h1629
=CAT  \\$a11002$b40$c20120612$lBLL01$h1324
=FIN  \\$aY$d20120612
=FMT  \\$a  BK
=LAS  \\$a11002$b40$c20120612$lBLL01$h1324
=SID  \\$aZ39$bOCLC

