=LDR  01354 am a22003974a 4500
=001  016031795
=003  Uk
=005  20120412094027.0
=008  110616s2011\\\\ag\\\\\\\b\\\\000\0\spa\d
=010  \\$a2011438173
=020  \\$z9789507868818
=035  \\$a(AR-BaFGC)0-135468/17
=040  \\$aAR-BaFGC$cAR-BaFGC$dDLC$dUk
=041  1\$aspa$hita
=042  \\$aukblderived
=050  00$aPQ7797.B635$bZ7734618 2011
=100  1\$aLeonardi, Emanuele.
=240  00$aBorges.$lSpanish.
=245  10$aBorges :$blibro-mundo y espacio-tiempo : episteme científica y creación literaria /$cEmanuele Leonardi ; [prólogo, Noé Jitrik].
=260  \\$aBuenos Aires :$bEditorial Biblos,$cc2011.
=300  \\$a126 p. ;$c23 cm.
=336  \\$atext$2rdacontent
=337  \\$aunmediated$2rdamedia
=338  \\$avolume$2rdacarrier
=490  0\$aTeoría y crítica
=504  \\$aIncludes bibliographical references (p. 119-126).
=600  10$aBorges, Jorge Luis,$d1899-1986$xCriticism and interpretation.
=650  \0$aScience in literature.
=852  41$aBritish Library$bHMNTS$jYF.2012.a.10138
=856  41$uhttp://core.cambeiro.com.ar/0-135468-17.pdf
=CAT  \\$a7040$b40$c20120215$lBLL01$h1118
=CAT  \\$a11002$b40$c20120412$lBLL01$h0940
=FIN  \\$aY$d20120412
=FMT  \\$a  BK
=LAS  \\$a11002$b40$c20120412$lBLL01$h0940
=SID  \\$aZ39$bLOC

