=LDR  01362 am a22004097a 4500
=001  016031811
=003  Uk
=005  20120530074435.0
=008  110915s2011\\\\ag\a\\\\\\\\\\000\0\spa\d
=020  \\$a9789500735223
=020  \\$a9500735229
=035  \\$a(OCoLC)764559288
=040  \\$aAR-BaFGC$cN15$dUk
=042  \\$aukblderived
=043  \\$as-ag---
=050  \4$aE183.8.A7$bO36 2011
=100  1\$aO'Donnell, Santiago.
=245  10$aArgenLeaks :$blos cables de Wikileaks sobre la Argentina, de la A a la Z /$cSantiago O'Donnell.
=250  \\$a5. ed.
=260  \\$aBuenos Aires :$bSudamericana,$c2011.
=300  \\$a354 p. :$bill. ;$c23 cm.
=336  \\$atext$2rdacontent
=337  \\$aunmediated$2rdamedia
=338  \\$avolume$2rdacarrier
=650  \0$aLeaks (Disclosure of information)$zUnited States.
=651  \0$aUnited States$xForeign relations$zArgentina.
=651  \0$aArgentina$xForeign relations$zUnited States.
=651  \0$aArgentina$xForeign relations$y1983-2002.
=651  \0$aArgentina$xForeign relations$y2002-.
=852  41$aBritish Library$bHMNTS$jYF.2012.a.14968
=856  41$uhttp://core.cambeiro.com.ar/0-163445-0.pdf
=CAT  \\$a7040$b40$c20120215$lBLL01$h1132
=CAT  \\$a11131$b40$c20120530$lBLL01$h0744
=FIN  \\$aY$d20120530
=FMT  \\$a  BK
=LAS  \\$a11131$b40$c20120530$lBLL01$h0744
=SID  \\$aZ39$bOCLC

