=LDR  01024 am a22003497a 4500
=001  016031815
=003  Uk
=005  20120412103841.0
=008  110913s2011\\\\ag\\\\\\\\\\\\001\1\spa\d
=020  \\$a9789876580731
=020  \\$a9876580736
=035  \\$a(OCoLC)764559329
=040  \\$aAR-BaFGC$cN15$dUk
=042  \\$aukblderived
=050  \4$aPQ7797.V4214$bN67 2011
=100  1\$aVenturini, Aurora.
=245  10$aNosotros, los Caserta /$cAurora Venturini.
=260  \\$aBuenos Aires :$bMondadori,$cc2011.
=300  \\$a172 p. ;$c23 cm.
=336  \\$atext$2rdacontent
=337  \\$aunmediated$2rdamedia
=338  \\$avolume$2rdacarrier
=490  0\$aLiteratura Mondadori
=500  \\$aIncludes index.
=852  41$aBritish Library$bHMNTS$jYF.2012.a.10142
=856  41$uhttp://core.cambeiro.com.ar/0-75261-74.pdf
=CAT  \\$a7040$b40$c20120215$lBLL01$h1135
=CAT  \\$a11002$b40$c20120412$lBLL01$h1038
=FIN  \\$aY$d20120412
=FMT  \\$a  BK
=LAS  \\$a11002$b40$c20120412$lBLL01$h1038
=SID  \\$aZ39$bOCLC

