=LDR  01967 am a2200517 a 4500
=001  016054331
=003  Uk
=005  20150813092404.0
=008  120918s2011\\\\ag\a\\\\\b\\\\000\0dspa\d
=010  \\$a  2012377964
=020  \\$a9789876181334
=020  \\$a9876181335
=035  \\$a(OCoLC)853606965
=040  \\$aAR-BaFGC$beng$cDLC$dOCLCF$dOCLCO$dUk
=042  \\$aukblderived
=043  \\$alsfk---$as-ag---
=050  00$aF3031.5$b.P38 2011
=100  1\$aPatierno, Nicolás.
=245  10$aViento sur :$bseis excombatientes [sic] narran sus historias a lo largo de una travesía por los caminos de la Patagonia /$cNicolás Patierno.
=260  \\$a[Argentina] :$bEdiciones Al Margen,$c2011.
=300  \\$a174 p. :$bill. ;$c21 cm
=336  \\$atext$2rdacontent
=337  \\$aunmediated$2rdamedia
=338  \\$avolume$2rdacarrier
=504  \\$aIncludes bibliographical references (p. 173-174).
=611  27$aFalkland Islands War (1982)$2fast$0(OCoLC)fst00920012
=648  \7$a1982$2fast
=650  \0$aFalkland Islands War, 1982$vPersonal narratives, Argentine.
=650  \0$aSoldiers$zArgentina$vAnecdotes.
=650  \0$aBicycle touring$zPatagonia (Argentina and Chile)
=650  \7$aBicycle touring.$2fast$0(OCoLC)fst00831475
=650  \7$aSoldiers.$2fast$0(OCoLC)fst01125233
=651  \7$aArgentina.$2fast$0(OCoLC)fst01205614
=651  \7$aSouth America$zPatagonia.$2fast$0(OCoLC)fst01310403
=655  \7$aAnecdotes.$2fast$0(OCoLC)fst01423876
=655  \7$aPersonal narratives$vArgentine.$2fast$0(OCoLC)fst01424073
=852  41$aBritish Library$bHMNTS$jYF.2015.a.16474
=856  41$uhttp://core.cambeiro.com.ar/0-166346-0.pdf
=CAT  \\$a11375$b40$c20120321$lBLL01$h1045
=CAT  \\$aBATCH-UPD$b40$c20131010$lBLL01$h2023
=CAT  \\$a11131$b40$c20150813$lBLL01$h0924
=CAT  \\$aWR14_128$c20160226$lBLL01$h1626
=FIN  \\$aY$d20150813
=FMT  \\$a  BK
=LAS  \\$aWR14_128$b00$c20160226$lBLL01$h1626
=SID  \\$aZ39$bOCLC

