=LDR  01529 am a2200421 a 4500
=001  016064401
=003  Uk
=005  20120405124222.0
=008  120224r20111908ag\a\\\\\b\\\f000\0\spa\d
=010  \\$a2012377050
=020  \\$a9789871741175
=035  \\$a(AR-BaFGC)0-156085/12
=040  \\$aAR-BaFGC$cAR-BaFGC$dDLC$dUk
=042  \\$aukblcatcopy
=043  \\$as-ag---
=050  00$aHV6885.B8$bG66 2011
=100  1\$aGómez, Eusebio,$d1883-1954.
=245  13$aLa mala vida en Buenos Aires /$cEusebio Gómez ; prólogo de José Ingenieros ; estudio preliminar de Eugenio Raúl Zaffaroni.
=260  \\$aCiudad Autónoma de Buenos Aires :$bEdiciones Biblioteca Nacional,$c2011.
=300  \\$a174 p. :$bill. ;$c21 cm.
=336  \\$atext$2rdacontent
=337  \\$aunmediated$2rdamedia
=338  \\$avolume$2rdacarrier
=490  0\$aColección Los raros ;$vno. 38
=500  \\$aOriginally published: Buenos Aires : J. Roldán, 1908.
=504  \\$aIncludes bibliographical references.
=650  \0$aCrime$zArgentina$zBuenos Aires.
=650  \0$aProstitution$zArgentina$zBuenos Aires.
=650  \0$aHomosexuality$zArgentina$zBuenos Aires.
=650  \0$aCriminals$zArgentina$zBuenos Aires.
=852  41$aBritish Library$bHMNTS$jYF.2012.a.9807
=856  41$uhttp://core.cambeiro.com.ar/0-156085-12.pdf
=CAT  \\$a8197$b40$c20120405$lBLL01$h1242
=CAT  \\$aBATCH-UPD$b40$c20130507$lBLL01$h0011
=FIN  \\$aY$d20120405
=FMT  \\$a  BK
=LAS  \\$aBATCH-UPD$b40$c20130507$lBLL01$h0011
=SID  \\$aZ39$bLOC

