=LDR  01513 am a22004337a 4500
=001  016073687
=003  Uk
=005  20120905143821.0
=008  111109s2011\\\\ag\\\\\\\b\\\\000\0\spa\d
=010  \\$a2011438805
=020  \\$z9789876291743
=035  \\$a(AR-BaFGC)0-150029/6
=040  \\$aAR-BaFGC$cAR-BaFGC$dDLC$dUk
=042  \\$aukblderived
=043  \\$as-ag---
=050  00$aJL2098.R48$bC37 2011
=100  1\$aCarnovale, Vera.
=245  14$aLos combatientes :$bhistoria del PRT-ERP /$cVera Carnovale.
=260  \\$aBuenos Aires :$bSiglo Veintiuno Editores,$cc2011.
=300  \\$a310 p. ;$c21 cm.
=336  \\$atext$2rdacontent
=337  \\$aunmediated$2rdamedia
=338  \\$avolume$2rdacarrier
=490  0\$aHistoria y cultura. Serie El pasado presente
=504  \\$aIncludes bibliographical references.
=610  20$aPartido Revolucionario de los Trabajadores$xHistory.
=610  20$aEjército Revolucionario del Pueblo (Argentina)$xHistory.
=650  \0$aGuerrillas$zArgentina$xHistory$y20th century.
=651  \0$aArgentina$xPolitics and government$y1955-1983.
=852  41$aBritish Library$bHMNTS$jYF.2012.a.25285
=856  41$uhttp://core.cambeiro.com.ar/0-150029-6.pdf
=CAT  \\$a8301$b40$c20120425$lBLL01$h0925
=CAT  \\$a11131$b40$c20120905$lBLL01$h1438
=CAT  \\$aBATCH-UPD$b40$c20160703$lBLL01$h2042
=CAT  \\$aBATCH-UPD$b40$c20171023$lBLL01$h2034
=FIN  \\$aY$d20120905
=FMT  \\$a  BK
=LAS  \\$aBATCH-UPD$b40$c20171023$lBLL01$h2034
=SID  \\$aZ39$bLOC

