=LDR  01520 am a22004094a 4500
=001  016073702
=003  Uk
=005  20120626115223.0
=008  110624s2011\\\\ag\\\\\\\b\\\\000\0\spa\d
=010  \\$a  2011438195
=020  \\$a9789871172702
=035  \\$a(AR-BaFGC)0-149502/3
=040  \\$aAR-BaFGC$cAR-BaFGC$dDLC$dUk
=042  \\$aukblderived
=043  \\$as-ag---
=050  00$aF3001.3$b.D38 2011
=100  1\$aDávilo, Beatriz.
=245  14$aLos derechos, las pasiones, la utilidad :$bdebate intelectual y lenguajes políticos en Buenos Aires, 1810-1827 /$cBeatriz Dávilo.
=250  \\$a1. ed.
=260  \\$a[Caseros, Argentina] :$bEditorial de la Universidad Nacional de Tres de Febrero,$c2011.
=300  \\$a363 p. ;$c23 cm.
=336  \\$atext$2rdacontent
=337  \\$aunmediated$2rdamedia
=338  \\$avolume$2rdacarrier
=490  0\$aColección de estudios de historia cultural
=504  \\$aIncludes bibliographical references (p. 353-363).
=650  \0$aUtilitarianism$zArgentina$zBuenos Aires$y19th century.
=651  \0$aBuenos Aires (Argentina)$xPolitics and government$y19th century$xPhilosophy.
=651  \0$aBuenos Aires (Argentina)$xIntellectual life$y19th century.
=852  41$aBritish Library$bHMNTS$jYF.2012.a.17908
=856  41$uhttp://core.cambeiro.com.ar/0-149502-3.pdf
=CAT  \\$a8301$b40$c20120425$lBLL01$h0938
=CAT  \\$a10904$b40$c20120626$lBLL01$h1152
=FIN  \\$aY$d20120626
=FMT  \\$a  BK
=LAS  \\$a10904$b40$c20120626$lBLL01$h1152
=SRC  \\$aBLL02

