=LDR  01437 am a22004214a 4500
=001  016073705
=003  Uk
=005  20120626120930.0
=008  110616s2011\\\\ag\\\\\\\b\\\\000\0\spa\d
=010  \\$a2011438164
=020  \\$a9789507868931
=035  \\$a(AR-BaFGC)0-162629/2
=040  \\$aAR-BaFGC$cAR-BaFGC$dDLC$dUk
=042  \\$aukblderived
=043  \\$as-ag---
=050  00$aF2849$b.F49 2011
=100  1\$aFiorucci, Flavia.
=245  10$aIntelectuales y peronismo :$b1945-1955 /$cFlavia Fiorucci.
=260  \\$aBuenos Aires :$bEditorial Biblos,$cc2011.
=300  \\$a226 p. ;$c23 cm.
=336  \\$atext$2rdacontent
=337  \\$aunmediated$2rdamedia
=338  \\$avolume$2rdacarrier
=490  0\$aLa Argentina contemporánea
=504  \\$aIncludes bibliographical references (p. 217-226.
=650  \0$aPeronism$xHistory.
=650  \0$aIntellectuals$xArgentina$xAttitudes$xHistory$y20th century.
=650  \0$aIntellectuals$xPolitical activity$zArgentina$xHistory$y20th century.
=651  \0$aArgentina$xIntellectual life$y20th century.
=651  \0$aArgentina$xPolitics and government$y1943-1955.
=852  41$aBritish Library$bHMNTS$jYF.2012.a.17909
=856  41$uhttp://core.cambeiro.com.ar/0-162629-2.pdf
=CAT  \\$a8301$b40$c20120425$lBLL01$h0940
=CAT  \\$a10904$b40$c20120626$lBLL01$h1209
=FIN  \\$aY$d20120626
=FMT  \\$a  BK
=LAS  \\$a10904$b40$c20120626$lBLL01$h1209
=SID  \\$aZ39$bLOC

