=LDR  01669 am a22004334a 4500
=001  016073718
=003  Uk
=005  20121022091722.0
=008  110803s2011\\\\ag\\\\\\\b\\\\000\0\spa\d
=010  \\$a  2011438320
=020  \\$a9789872564353
=035  \\$a(AR-BaFGC)0-159618/2
=040  \\$aAR-BaFGC$cAR-BaFGC$dDLC$dUk
=042  \\$aukblderived
=043  \\$as-ag---$as-uy---
=050  00$aF2846$b.L92 2011
=100  1\$aLozier Almazán, Bernardo P.
=245  10$aProyectos monárquicos en el Río de la Plata, 1808 - 1825 :$blos reyes que no fueron /$cBernardo Lozier Almazán.
=250  \\$a1a ed.
=260  \\$a[Villa Lynch, San Martín, Provincia de Buenos Aires] :$bSammartino Ediciones,$c2011.
=300  \\$a202 p. ;$c23 cm.
=336  \\$atext$2rdacontent
=337  \\$aunmediated$2rdamedia
=338  \\$avolume$2rdacarrier
=490  0\$aConciencia histórica
=504  \\$aIncludes bibliographical references (p. 195-202).
=650  \0$aMonarchy$zRio de la Plata Region (Argentina and Uruguay)$xHistory$y19th century.
=651  \0$aRio de la Plata Region (Argentina and Uruguay)$xPolitics and government$y19th century$xPhilosophy.
=651  \0$aRio de la Plata Region (Argentina and Uruguay)$xHistory$y19th century.
=852  41$aBritish Library$bHMNTS$jYF.2012.a.29723
=856  41$uhttp://core.cambeiro.com.ar/0-159618-2.pdf
=CAT  \\$a8301$b40$c20120425$lBLL01$h0951
=CAT  \\$a11131$b40$c20121022$lBLL01$h0917
=CAT  \\$aBATCH-UPD$b40$c20150922$lBLL01$h1603
=CAT  \\$aBATCH-UPD$b40$c20150925$lBLL01$h2029
=FIN  \\$aY$d20121022
=FMT  \\$a  BK
=LAS  \\$aBATCH-UPD$b40$c20150925$lBLL01$h2029
=SRC  \\$aBLL02

