=LDR  01427 am a22003974a 4500
=001  016073720
=003  Uk
=005  20120626141310.0
=008  110623s2011\\\\ag\a\\\\\b\\\\000\0\spa\d
=010  \\$a  2011438197
=020  \\$a9789875582118
=035  \\$a(AR-BaFGC)0-103476/20
=040  \\$aAR-BaFGC$cAR-BaFGC$dDLC$dUk
=042  \\$aukblderived
=043  \\$as-ag---
=050  00$aHD9539.A63$bA737 2011
=100  1\$aRougier, Marcelo.
=245  10$aEstado y empresarios de la industria del aluminio en la Argentina :$bel caso ALUAR /$cMarcelo Rougier.
=260  \\$aBernal [Argentina] :$bUniversidad Nacional de Quilmes Editorial,$c2011.
=300  \\$a477 p. :$bill. ;$c23 cm.
=336  \\$atext$2rdacontent
=337  \\$aunmediated$2rdamedia
=338  \\$avolume$2rdacarrier
=490  0\$aColección Convergencia. Entre memoria y sociedad
=504  \\$aIncludes bibliographical references (p. 463-477).
=610  20$aAluminio Argentino (Corporation)
=650  \0$aAluminum industry and trade$zArgentina$xHistory.
=650  \0$aAluminum industry and trade$xGovernment policy$zArgentina$xHistory.
=852  41$aBritish Library$bHMNTS$jYF.2012.a.17917
=856  41$uhttp://core.cambeiro.com.ar/0-103476-20.pdf
=CAT  \\$a8301$b40$c20120425$lBLL01$h0955
=CAT  \\$a10904$b40$c20120626$lBLL01$h1413
=FIN  \\$aY$d20120626
=FMT  \\$a  BK
=LAS  \\$a10904$b40$c20120626$lBLL01$h1413
=SRC  \\$aBLL02

