=LDR  01482 am a22004094a 4500
=001  016073722
=003  Uk
=005  20120627081510.0
=008  110512s2011\\\\ag\af\\\\b\\\\000\0bspa\d
=010  \\$a2011438119
=020  \\$a9789500735056
=035  \\$a(AR-BaFGC)0-162517/0
=040  \\$aAR-BaFGC$cAR-BaFGC$dDLC$dUk
=042  \\$aukblderived
=043  \\$as-ag---
=050  00$aF2849.22.Q54$bV54 2011
=100  1\$aVignollés, Alejandra,$d1962-
=245  10$aDoble condena :$bla verdadera historia de Roberto Quieto : secuestrado por los militares y acusado de traición por los Montoneros /$cAlejandra Vignollés.
=260  \\$aBuenos Aires :$bSudamericana,$cc2011.
=300  \\$a231 p., [8] p. of plates :$bill. (some col.) ;$c23 cm.
=336  \\$atext$2rdacontent
=337  \\$aunmediated$2rdamedia
=338  \\$avolume$2rdacarrier
=504  \\$aIncludes bibliographical references.
=600  10$aQuieto, Roberto,$d1938-1976.
=610  20$aOrganización Montoneros (Argentina)
=650  \0$aGuerrillas$zArgentina$vBiography.
=651  \0$aArgentina$xPolitics and government$y1955-1983.
=852  41$aBritish Library$bHMNTS$jYF.2012.a.17934
=856  41$uhttp://core.cambeiro.com.ar/0-162517-0.pdf
=CAT  \\$a8301$b40$c20120425$lBLL01$h0958
=CAT  \\$a10904$b40$c20120627$lBLL01$h0815
=CAT  \\$aBATCH-UPD$b40$c20171023$lBLL01$h2023
=FIN  \\$aY$d20120627
=FMT  \\$a  BK
=LAS  \\$aBATCH-UPD$b40$c20171023$lBLL01$h2023
=SID  \\$aZ39$bLOC

