=LDR  01505 am a22004214a 4500
=001  016073795
=003  Uk
=005  20120626135945.0
=008  111012s2011\\\\ag\\\\\\\b\\\\000\0\spa\d
=010  \\$a2011438669
=020  \\$z9789876343510
=035  \\$a(AR-BaFGC)0-131992/11
=040  \\$aAR-BaFGC$cAR-BaFGC$dDLC$dUk
=042  \\$aukblderived
=043  \\$as-ag---
=050  00$aPQ7703$b.M45 2011
=100  1\$aMelo, Adrián,$d1973-
=245  10$aHistoria de la literatura gay en Argentina :$brepresentaciones sociales de la homosexualidad masculina en la ficción literaria /$cAdrián Melo.
=260  \\$aCiudad de Buenos Aires :$bEdiciones LEA,$cc2011.
=300  \\$a378 p. ;$c23 cm.
=336  \\$atext$2rdacontent
=337  \\$aunmediated$2rdamedia
=338  \\$avolume$2rdacarrier
=490  0\$aColección Filo y contrafilo
=504  \\$aIncludes bibliographical references (p. 367-378).
=650  \0$aArgentine fiction$y20th century$xHistory and criticism.
=650  \0$aArgentine fiction$y19th century$xHistory and criticism.
=650  \0$aHomosexuality in literature.
=650  \0$aGays in literature.
=852  41$aBritish Library$bHMNTS$jYF.2012.a.17904
=856  41$uhttp://core.cambeiro.com.ar/0-131992-11.pdf
=CAT  \\$a8301$b40$c20120425$lBLL01$h1108
=CAT  \\$a10904$b40$c20120626$lBLL01$h1359
=CAT  \\$aBATCH-UPD$b40$c20190801$lBLL01$h2103
=FIN  \\$aY$d20120626
=FMT  \\$a  BK
=LAS  \\$aBATCH-UPD$b40$c20190801$lBLL01$h2103
=SID  \\$aZ39$bLOC

