=LDR  01229 am a22003614a 4500
=001  016073801
=003  Uk
=005  20120614114914.0
=008  110902s2011\\\\ag\a\\\\\\\\\\000\0dspa\d
=010  \\$a2011438448
=020  \\$a9789500434096
=035  \\$a(AR-BaFGC)0-163373/0
=040  \\$aAR-BaFGC$cAR-BaFGC$dDLC$dUk
=042  \\$aukblderived
=050  00$aPQ7797.B635$bZ796755 2011
=100  1\$aPaoletti, Mario.
=245  14$aLas novias de Borges :$by otros misterios borgeanos /$cMario Paoletti.
=260  \\$aC.A.B.A. [i.e. Ciudad Autónoma de Buenos Aires] :$bEmecé,$cc2011.
=300  \\$a243 p. :$bill. ;$c23 cm.
=336  \\$atext$2rdacontent
=337  \\$aunmediated$2rdamedia
=338  \\$avolume$2rdacarrier
=600  10$aBorges, Jorge Luis,$d1899-1986$xRelations with women.
=600  10$aBorges, Jorge Luis,$d1899-1986$xFriends and associates.
=852  41$aBritish Library$bHMNTS$jYF.2012.a.16442
=856  41$uhttp://core.cambeiro.com.ar/0-163373-0.pdf
=CAT  \\$a8301$b40$c20120425$lBLL01$h1112
=CAT  \\$a11002$b40$c20120612$lBLL01$h1347
=CAT  \\$a5512$b40$c20120614$lBLL01$h1149
=FIN  \\$aY$d20120612
=FMT  \\$a  BK
=LAS  \\$a5512$b40$c20120614$lBLL01$h1149
=SID  \\$aZ39$bLOC

