=LDR  01612 am a22004454a 4500
=001  016074058
=003  Uk
=005  20120626103801.0
=008  110916s2011\\\\ag\\\\\\\b\\\\000\pdspa\d
=010  \\$a2011438548
=020  \\$a9789508452580
=035  \\$a(AR-BaFGC)0-36536/90
=040  \\$aAR-BaFGC$cAR-BaFGC$dDLC$dUk
=042  \\$aukblderived
=043  \\$ae-sp---
=050  00$aDP269$b.G639 2011
=100  1\$aGonzález Tuñón, Raúl,$d1905-1974.
=240  10$aWorks.$kSelections.$f2011
=245  13$aLa muerte en Madrid ;$bLas puertas del fuego ; 8 documentos de hoy /$cRaúl González Tuñón ; prólogo y notas de Julia Miranda.
=250  \\$a1. ed.
=260  \\$a[Argentina] :$bBeatriz Viterbo Editora,$c2011.
=300  \\$a217 p. ;$c22 cm.
=336  \\$atext$2rdacontent
=337  \\$aunmediated$2rdamedia
=338  \\$avolume$2rdacarrier
=490  0\$aFicciones
=500  \\$aOriginally published: La muerte en Madrid: 1938-39; Las puertas del fuego: 1937; 8 documentos de hoy: 1936.
=504  \\$aIncludes bibliographical references (p. 25-26).
=651  \0$aSpain$xHistory$yCivil War, 1936-1939$vPoetry.
=651  \0$aSpain$xHistory$yCivil War, 1936-1939.
=852  41$aBritish Library$bHMNTS$jYF.2012.a.17784
=856  41$uhttp://core.cambeiro.com.ar/0-36536-90.pdf
=985  \\$aRecord amended for WR# 13/070
=CAT  \\$a11375$b40$c20120425$lBLL01$h1356
=CAT  \\$a10904$b40$c20120626$lBLL01$h1038
=CAT  \\$aWR13_070$b00$c20130504$lBLL01$h0338
=FIN  \\$aY$d20120626
=FMT  \\$a  BK
=LAS  \\$aWR13_070$b00$c20130504$lBLL01$h0338
=SID  \\$aZ39$bLOC

