=LDR  01340 am a22004094a 4500
=001  016074075
=003  Uk
=005  20120626133137.0
=008  110929s2011\\\\ag\\\\\\\b\\\\000\0\spa\d
=010  \\$a2011438624
=020  \\$a9789508452566
=035  \\$a(AR-BaFGC)0-26513/21
=040  \\$aAR-BaFGC$cAR-BaFGC$dDLC$dUk
=042  \\$aukblderived
=043  \\$as-ag---
=050  00$aPQ7655$b.G47 2011
=100  1\$aGiordano, Alberto,$d1959-
=245  10$aVida y obra :$botra vuelta al giro autobiográfico /$cAlberto Giordano.
=250  \\$a1. ed.
=260  \\$a[Buenos Aires?] :$bBeatriz Viterbo Editora,$c2011.
=300  \\$a121 p. ;$c20 cm.
=336  \\$atext$2rdacontent
=337  \\$aunmediated$2rdamedia
=338  \\$avolume$2rdacarrier
=490  0\$aEl escribiente ;$v20
=504  \\$aIncludes bibliographical references.
=650  \0$aArgentine literature$y20th century$xHistory and criticism.
=650  \0$aArgentine literature$y21st century$xHistory and criticism.
=650  \0$aSelf in literature.
=852  41$aBritish Library$bHMNTS$jYF.2012.a.17928
=856  41$uhttp://core.cambeiro.com.ar/0-26513-21.pdf
=CAT  \\$a11375$b40$c20120425$lBLL01$h1404
=CAT  \\$a10904$b40$c20120626$lBLL01$h1331
=FIN  \\$aY$d20120626
=FMT  \\$a  BK
=LAS  \\$a10904$b40$c20120626$lBLL01$h1331
=SID  \\$aZ39$bLOC

