=LDR  01743 am a2200421 a 4500
=001  016074088
=003  Uk
=005  20120926102713.0
=008  111213s2011\\\\ag\ab\\\\b\\\\100\0\spa\d
=010  \\$a  2011438843
=020  \\$a9789871172788
=035  \\$a(AR-BaFGC)0-163838/0
=040  \\$aAR-BaFGC$cAR-BaFGC$dDLC$dUk
=042  \\$aukblderived
=043  \\$as-ag---
=050  00$aP40.85.A7$bS46 2011
=111  2\$aLenguas y Políticas en Argentina y el MERCOSUR (Seminar)$d(2008 :$cBuenos Aires, Argentina)
=245  10$aPara una política del lenguaje en Argentina :$bactas del Seminario Lenguas y Políticas en Argentina y el Mercosur : Buenos Aires, 11 a 13 de agosto de 2008. /$c[coordinación general, Fracisco J. Piñón ; Lía Varela, editora].
=250  \\$a1. ed.
=260  \\$a[Caseros, Argentina?] :$bEditorial de la Universidad Nacional de Tres de Febrero,$cc2011.
=300  \\$a260 p. :$bill., maps ;$c23 cm.
=336  \\$atext$2rdacontent
=337  \\$aunmediated$2rdamedia
=338  \\$avolume$2rdacarrier
=504  \\$aIncludes bibliographical references.
=650  \0$aLanguage and education$zArgentina$vCongresses.
=650  \0$aLanguage policy$zArgentina$vCongresses.
=650  \0$aSociolinguistics$zArgentina$vCongresses.
=710  2\$aUniversidad Nacional de Tres de Febrero.$bInstituto de Políticas Culturales Patricio Lóizaga.
=852  41$aBritish Library$bHMNTS$jYF.2012.a.27469
=856  41$uhttp://core.cambeiro.com.ar/0-163838-0.pdf
=CAT  \\$a11375$b40$c20120425$lBLL01$h1408
=CAT  \\$a10904$b40$c20120627$lBLL01$h0811
=CAT  \\$a6066$b40$c20120926$lBLL01$h1027
=FIN  \\$aY$d20120627
=FMT  \\$a  BK
=LAS  \\$a6066$b40$c20120926$lBLL01$h1027
=SID  \\$aZ39$bLOC

