=LDR  01479 am a22004337a 4500
=001  016074178
=003  Uk
=005  20120806143609.0
=008  110428s2010\\\\ag\a\\\\\b\\\\000\0\spa\d
=020  \\$a9502317602
=020  \\$a9789502317601
=035  \\$a(OCoLC)747315152
=040  \\$aAR-BaFGC$cN15$dIXA$dNYP$dPL#$dI5B$dCGU$dUk
=042  \\$aukblderived
=043  \\$as-ag---$acl-----
=050  \4$aHN263.5$b.C75 2010
=245  00$aCrisis, transformación y crecimiento :$bAmérica Latina y Argentina (2000-2010) /$cDaniel Filmus, coordinador ; Emir Sader ... [et al.].
=250  \\$a1. ed.
=260  \\$aCiudad de Buenos Aires :$bEudeba,$c2010.
=300  \\$a366 p. :$bill. ;$c23 cm.
=336  \\$atext$2rdacontent
=337  \\$aunmediated$2rdamedia
=338  \\$avolume$2rdacarrier
=500  \\$aErrata slip inserted.
=504  \\$aIncludes bibliographical references.
=651  \0$aArgentina$xSocial conditions$y1983-
=651  \0$aArgentina$xEconomic conditions$y1983-
=651  \0$aLatin America$xSocial conditions$y1982-
=700  1\$aFilmus, Daniel.
=700  1\$aSader, Emir,$d1943-
=852  41$aBritish Library$bHMNTS$jYF.2012.a.16180
=856  41$uhttp://core.cambeiro.com.ar/0-161158-0.pdf
=CAT  \\$a11375$b40$c20120425$lBLL01$h1453
=CAT  \\$a11002$b40$c20120612$lBLL01$h1344
=CAT  \\$a10743$b40$c20120806$lBLL01$h1436
=FIN  \\$aY$d20120612
=FMT  \\$a  BK
=LAS  \\$a10743$b40$c20120806$lBLL01$h1436
=SID  \\$aZ39$bOCLC

