=LDR  01540 am a22004097a 4500
=001  016074398
=003  Uk
=005  20120626133546.0
=008  110919s2011\\\\is\a\\\\\b\\\\000\0\spa\d
=020  \\$a9789876030823
=020  \\$a9876030825
=035  \\$a(OCoLC)762078387$z(OCoLC)762078392
=040  \\$aAR-BaFGC$cN15$dGZM$dIXA$dUk
=042  \\$aukblderived
=043  \\$as-ag---
=050  \4$aF3021.J5$bM37 2011
=245  00$aMarginados y consagrados :$bnuevos estudios sobre la vida judía en la Argentina /$cEmmanuel Kahan ... [et al.], compiladores.
=260  \\$a[Tel Aviv] :$bUniversidad de Tel Aviv, Cátedra Sourasky de Estudios Iberoamericanos ;$aCiudad Autónoma de Buenos Aires :$bLumiere,$cc2011.
=300  \\$a410 p. :$bill. ;$c23 cm.
=336  \\$atext$2rdacontent
=337  \\$aunmediated$2rdamedia
=338  \\$avolume$2rdacarrier
=490  1\$aNuevas miradas a la Argentina del siglo XX
=504  \\$aIncludes bibliographical references.
=650  \0$aJews$zArgentina$xHistory.
=650  \0$aJews$zArgentina$xIdentity.
=650  \0$aJews$xPolitical activity$zArgentina$xHistory.
=700  1\$aKahan, Emmanuel Nicolás,$d1977-
=830  \0$aNuevas miradas a la Argentina del siglo XX.
=852  41$aBritish Library$bHMNTS$jYF.2012.a.17930
=856  41$uhttp://core.cambeiro.com.ar/0-114838-14.pdf
=CAT  \\$a11375$b40$c20120426$lBLL01$h1045
=CAT  \\$a10904$b40$c20120626$lBLL01$h1335
=FIN  \\$aY$d20120626
=FMT  \\$a  BK
=LAS  \\$a10904$b40$c20120626$lBLL01$h1335
=SID  \\$aZ39$bOCLC

