=LDR  01535 am a22004457a 4500
=001  016074432
=003  Uk
=005  20120704100639.0
=008  111213s2011\\\\ag\af\\\\b\\\\000\0\spa\d
=020  \\$a9789875744783
=020  \\$a9875744786
=035  \\$a(OCoLC)777773648
=040  \\$aAR-BaFGC$cN15$dUk
=042  \\$aukblderived
=043  \\$as-ag---
=050  \4$aHN263.5$b.C67 2011
=245  00$aConstrucciones de identidad y simbolismo colectivo en Argentina /$cSilvana K. Figueroa-Dreher, Jochen Dreher, Hans-Georg Soeffner, comp.
=260  \\$aCiudad Autónoma de Buenos Aires :$bPrometeo Libros,$cc2011.
=300  \\$a256 p., [12] p. of plates :$bill. ;$c22 cm.
=336  \\$atext$2rdacontent
=337  \\$aunmediated$2rdamedia
=338  \\$avolume$2rdacarrier
=490  0\$aPrometeo ciencias sociales
=504  \\$aIncludes bibliographical references.
=650  \0$aGroup identity$zArgentina.
=650  \0$aSymbolism$zArgentina.
=650  \0$aGauchos$xSocial aspects$zArgentina.
=650  \0$aTango (Dance)$xSocial aspects$zArgentina.
=700  1\$aFigueroa, Silvana,$d1966-
=700  1\$aDreher, Jochen.
=700  1\$aSoeffner, Hans-Georg.
=852  41$aBritish Library$bHMNTS$jYF.2012.a.18803
=856  41$uhttp://core.cambeiro.com.ar/0-164499-1.pdf
=CAT  \\$a11375$b40$c20120426$lBLL01$h1124
=CAT  \\$a10904$b40$c20120626$lBLL01$h1159
=CAT  \\$a5512$b40$c20120704$lBLL01$h1006
=FIN  \\$aY$d20120626
=FMT  \\$a  BK
=LAS  \\$a5512$b40$c20120704$lBLL01$h1006
=SID  \\$aZ39$bOCLC

