=LDR  01416 am a22004217a 4500
=001  016074449
=003  Uk
=005  20120612135650.0
=008  110902s2011\\\\ag\a\\\\\b\\\\000\0\spa\d
=020  \\$a9789504924098
=020  \\$a9504924093
=035  \\$a(OCoLC)768306193$z(OCoLC)768306194
=040  \\$aAR-BaFGC$cN15$dUk
=042  \\$aukblderived
=043  \\$as-ag---
=050  \4$aF2849.3.J35$bL38 2011
=100  1\$aLavieri, Omar,$d1966-
=245  13$aEl rekaudador [sic]: :$bRicardo Jaime, la cara de la corrupción en la era kirchnerista /$cOmar Lavieri.
=246  30$aRecaudador
=260  \\$aC.A.B.A. [i.e. Buenos Aires] :$bPlaneta,$cc2011.
=300  \\$a308 p. :$bill. (some col.) ;$c23 cm.
=336  \\$atext$2rdacontent
=337  \\$aunmediated$2rdamedia
=338  \\$avolume$2rdacarrier
=490  0\$aEspejo de la Argentina
=504  \\$aIncludes bibliographical references (p. 301).
=600  10$aJaime, Ricardo,$d1955-
=650  \0$aCabinet officers$zArgentina.
=650  \0$aPolitical corruption$zArgentina.
=651  \0$aArgentina$xPolitics and government$y2002-.
=852  41$aBritish Library$bHMNTS$jYF.2012.a.16232
=856  41$uhttp://core.cambeiro.com.ar/0-646-133.pdf
=CAT  \\$a11375$b40$c20120426$lBLL01$h1136
=CAT  \\$a11002$b40$c20120612$lBLL01$h1356
=FIN  \\$aY$d20120612
=FMT  \\$a  BK
=LAS  \\$a11002$b40$c20120612$lBLL01$h1356
=SID  \\$aZ39$bOCLC

