=LDR  01355 am a22004094a 4500
=001  016074483
=003  Uk
=005  20120627080827.0
=008  110810s2011\\\\ag\ab\\\\b\\\\000\0\spa\d
=010  \\$a2011438403
=020  \\$a9789871543670
=035  \\$a(AR-BaFGC)0-132928/22
=040  \\$aAR-BaFGC$cAR-BaFGC$dDLC$dUk
=042  \\$aukblderived
=043  \\$ancnq---
=050  00$aHC146.Z9$bP667 2011
=100  1\$aSerra, Luis.
=245  14$aLas representaciones sociales y la reproducción de la pobreza en Nicaragua /$cLuis H. Serra Vázquez.
=250  \\$a1. ed. en español.
=260  \\$aCiudad de Buenos Aires :$bCLACSO,$c2011.
=300  \\$a181 p. :$bill., maps ;$c23 cm.
=336  \\$atext$2rdacontent
=337  \\$aunmediated$2rdamedia
=338  \\$avolume$2rdacarrier
=490  0\$aColección CLACSO-CROP
=504  \\$aIncludes bibliographical references (p. 165-173).
=650  \0$aPoverty$zNicaragua$zMasaya.
=650  \0$aPoor$zNicaragua$zMasaya.
=650  \0$aSocial representations$zNicaragua$zMasaya.
=852  41$aBritish Library$bHMNTS$jYF.2012.a.17927
=856  41$uhttp://core.cambeiro.com.ar/0-132928-22.pdf
=CAT  \\$a11375$b40$c20120426$lBLL01$h1201
=CAT  \\$a10904$b40$c20120627$lBLL01$h0808
=FIN  \\$aY$d20120627
=FMT  \\$a  BK
=LAS  \\$a10904$b40$c20120627$lBLL01$h0808
=SID  \\$aZ39$bLOC

