=LDR  01467 am a22004094a 4500
=001  016074530
=003  Uk
=005  20120612144831.0
=008  110511s2010\\\\ag\a\\\\\b\\\\000\0bspa\d
=010  \\$a2011438100
=020  \\$z9789872511838
=035  \\$a(AR-BaFGC)0-161686/0
=040  \\$aAR-BaFGC$cAR-BaFGC$dDLC$dUk
=042  \\$aukblderived
=043  \\$as-ag---
=050  00$aQR31.M29$bS26 2010
=100  1\$aSánchez, Norma Isabel.
=245  10$aSalvador Mazza y el archivo "perdido" de la Mepra :$bArgentina, 1926-1946 /$cNorma Isabel Sánchez, Federico Pérgola, María Teresa Di Vietro.
=260  \\$a[Argentina] :$bEl Guión Ediciones,$c[2010]
=300  \\$a194, [1] p. :$bill. (some col.) ;$c20 cm.
=336  \\$atext$2rdacontent
=337  \\$aunmediated$2rdamedia
=338  \\$avolume$2rdacarrier
=504  \\$aIncludes bibliographical references.
=600  10$aMazza, Salvador,$d1886-1946.
=610  20$aUniversidad de Buenos Aires.$bMisión de Estudios de Patología Regional Argentina.
=650  \0$aMicrobiologists$zArgentina$vBiography.
=700  1\$aPergola, Federico.
=700  1\$aDi Vietro, María Teresa.
=852  41$aBritish Library$bHMNTS$jYF.2012.a.16189
=856  41$uhttp://core.cambeiro.com.ar/0-161686-0.pdf
=CAT  \\$a11375$b40$c20120426$lBLL01$h1242
=CAT  \\$a11002$b40$c20120612$lBLL01$h1448
=FIN  \\$aY$d20120612
=FMT  \\$a  BK
=LAS  \\$a11002$b40$c20120612$lBLL01$h1448
=SID  \\$aZ39$bLOC

