=LDR  01197 am a22003617a 4500
=001  016074551
=003  Uk
=005  20121030074509.0
=008  111011s2011\\\\ag\ab\\\\b\\\\000\0\spa\d
=020  \\$z9789870249597
=035  \\$a(OCoLC)764559264
=040  \\$aAR-BaFGC$cN15$dUk
=042  \\$aukblderived
=043  \\$as-ag---
=050  \4$aF2849.2$b.C67 2011
=100  1\$aCosentino, Benjamín,$d1928-
=245  10$aTestimonios de tiempos difíciles :$b1955-1979 /$cBenjamín Cosentino.
=260  \\$aBuenos Aires :$bEditorial Dunken,$c2011.
=300  \\$a163 p. :$bill., maps ;$c23 cm.
=336  \\$atext$2rdacontent
=337  \\$aunmediated$2rdamedia
=338  \\$avolume$2rdacarrier
=504  \\$aIncludes bibliographical references (p. [161]-163).
=651  \0$aArgentina$xPolitics and government$y1955-1983.
=651  \0$aArgentina$xHistory, Naval$y20th century.
=852  41$aBritish Library$bHMNTS$jYF.2012.a.30768
=856  41$uhttp://core.cambeiro.com.ar/0-162370-0.pdf
=CAT  \\$a8301$b40$c20120426$lBLL01$h1318
=CAT  \\$a11002$b40$c20121030$lBLL01$h0745
=FIN  \\$aY$d20121030
=FMT  \\$a  BK
=LAS  \\$a11002$b40$c20121030$lBLL01$h0745
=SID  \\$aZ39$bOCLC

