=LDR  01193 am a22003734a 4500
=001  016074746
=003  Uk
=005  20120626110926.0
=008  111013s2011\\\\ag\\\\\\\\\\\\000\1\spa\d
=010  \\$a2011438681
=020  \\$a9789500736688
=035  \\$a(AR-BaFGC)0-109555/61
=040  \\$aAR-BaFGC$cAR-BaFGC$dDLC$dUk
=042  \\$aukblderived
=043  \\$as-ag---
=050  00$aPN5004$b.B37 2011
=100  1\$aBarone, Orlando.
=245  10$aK letra bárbara :$bperiodismo sucio y público sublevado /$cOrlando Barone.
=260  \\$aBuenos Aires :$bSudamericana,$cc2011.
=300  \\$a223 p. ;$c23 cm.
=336  \\$atext$2rdacontent
=337  \\$aunmediated$2rdamedia
=338  \\$avolume$2rdacarrier
=650  \0$aJournalism$zArgentina$xHistory$y21st century.
=650  \0$aPress and politics$zArgentina.
=651  \0$aArgentina$xPolitics and government$y2002-
=852  41$aBritish Library$bHMNTS$jYF.2012.a.17906
=856  41$uhttp://core.cambeiro.com.ar/0-109555-61.pdf
=CAT  \\$a8301$b40$c20120426$lBLL01$h1620
=CAT  \\$a10904$b40$c20120626$lBLL01$h1109
=FIN  \\$aY$d20120626
=FMT  \\$a  BK
=LAS  \\$a10904$b40$c20120626$lBLL01$h1109
=SID  \\$aZ39$bLOC

