=LDR  01509 am a22004334a 4500
=001  016075200
=003  Uk
=005  20120614114826.0
=008  110714s2011\\\\ag\a\\\\\b\\\\000\0\spa\d
=010  \\$a2011438269
=020  \\$a9789876030809
=035  \\$a(AR-BaFGC)0-114838/13
=040  \\$aAR-BaFGC$cAR-BaFGC$dDLC$dUk
=042  \\$aukblderived
=043  \\$as-ag---$aa-is---
=050  00$aUF535.I7$bD63 2011
=100  1\$aDobry, Hernán,$d1974-
=245  10$aOperación Israel :$bel rearme argentino durante la dictadura, 1976-1983 /$cHernán Dobry.
=260  \\$aCiudad Autónoma de Buenos Aires :$bLumiere,$cc2011.
=300  \\$a445 p. :$bill. ;$c23 cm.
=336  \\$atext$2rdacontent
=337  \\$aunmediated$2rdamedia
=338  \\$avolume$2rdacarrier
=490  0\$aNuevas miradas a la Argentina del siglo XX
=504  \\$aIncludes bibliographical references (p. [385]-399).
=650  \0$aArms transfers$zIsrael.
=650  \0$aArms transfers$zArgentina.
=651  \0$aIsrael$xForeign relations$zArgentina.
=651  \0$aArgentina$xForeign relations$zIsrael.
=651  \0$aArgentina$xPolitics and government$z1955-1983.
=852  41$aBritish Library$bHMNTS$jYF.2012.a.16441
=856  41$uhttp://core.cambeiro.com.ar/0-114838-13.pdf
=CAT  \\$a8229$b40$c20120430$lBLL01$h0818
=CAT  \\$a11002$b40$c20120612$lBLL01$h1600
=CAT  \\$a5512$b40$c20120614$lBLL01$h1148
=FIN  \\$aY$d20120612
=FMT  \\$a  BK
=LAS  \\$a5512$b40$c20120614$lBLL01$h1148
=SID  \\$aZ39$bLOC

