=LDR  01600cam a22004574a 4500
=001  016075829
=003  Uk
=005  20120906084822.0
=008  110805s2011\\\\ag\\\\\\\b\\\\001\0dspa\d
=010  \\$a  2011438336
=020  \\$a9789504926986
=035  \\$a(AR-BaFGC)0-646/131
=040  \\$aAR-BaFGC$cAR-BaFGC$dDLC$dUk
=042  \\$aukblderived
=043  \\$as-ag---
=050  00$aF2849.3$b.M625 2011
=100  1\$aMochkofsky, Graciela,$d1969-
=245  10$aPecado original :$bClarín, los Kirchner y la lucha por el poder /$cGraciela Mochkofsky.
=260  \\$aC.A.B.A. [i. e. Ciudad Autónoma de Buenos Aires] :$bPlaneta,$cc2011.
=300  \\$a418 p. ;$c23 cm.
=336  \\$atext$2rdacontent
=337  \\$aunmediated$2rdamedia
=338  \\$avolume$2rdacarrier
=490  0\$aEspejo de la Argentina
=504  \\$aIncludes bibliographical references (p. 405-406) and index.
=600  10$aKirchner, Néstor.
=600  10$aFernández de Kirchner, Cristina.
=630  00$aClarín (Buenos Aires, Argentina)
=650  \0$aPress and politics$zArgentina.
=651  \0$aArgentina$xPolitics and government$y2002-
=852  41$aBritish Library$bHMNTS$jYF.2012.a.25096
=856  41$uhttp://core.cambeiro.com.ar/0-646-131.pdf
=CAT  \\$a6162$b40$c20120501$lBLL01$h0921
=CAT  \\$a11131$b40$c20120906$lBLL01$h0848
=CAT  \\$aBATCH-UPD$b40$c20140903$lBLL01$h1520
=CAT  \\$aBATCH-UPD$b40$c20221216$lBLL01$h2107
=CAT  \\$aBATCH-UPD$b40$c20230716$lBLL01$h2247
=FIN  \\$aY$d20120906
=FMT  \\$a  BK
=LAS  \\$aBATCH-UPD$b40$c20230716$lBLL01$h2247
=SRC  \\$aBLL02

