=LDR  01401 am a22003857a 4500
=001  016093855
=003  Uk
=005  20140821090734.0
=008  120921s2011\\\\ag\ab\\\\b\\\\001\0dspa\d
=010  \\$a  2012377952
=020  \\$a9789871084333
=035  \\$a(AR-BaFGC)0-166149/0
=040  \\$aAR-BaFGC$cAR-BaFGC$dDLC$dUk
=042  \\$aukblderived
=043  \\$alsfk---$ae-uk---$as-ag---
=050  00$aF3031.5$b.J56 2011
=100  1\$aJiménez Corbalán, Lautaro J.,$d1962-
=245  10$aMalvinas en primera línea /$cLautaro J. Jiménez Corbalán.
=260  \\$a[Ciudad Autónoma de Buenos Aires?] :$bEdivern,$cc2011$g(2012 printing)
=300  \\$a588 p. :$bill. (some col.), maps ;$c23 cm.
=336  \\$atext$2rdacontent
=337  \\$aunmediated$2rdamedia
=338  \\$avolume$2rdacarrier
=504  \\$aIncludes bibliographical references (p. 587-588) and index.
=610  10$aArgentina.$bEjército.$bRegimiento de Infantería 4$xHistory.
=650  \0$aFalkland Islands War, 1982$vPersonal narratives, Argentine.
=852  41$aBritish Library$bHMNTS$jYF.2014.a.18701
=856  41$uhttp://core.cambeiro.com.ar/0-166149-0.pdf
=CAT  \\$a8149$b40$c20120529$lBLL01$h1208
=CAT  \\$a11002$b40$c20140821$lBLL01$h0907
=CAT  \\$aBATCH-UPD$b40$c20140821$lBLL01$h0929
=FIN  \\$aY$d20140821
=FMT  \\$a  BK
=LAS  \\$aBATCH-UPD$b40$c20140821$lBLL01$h0929
=SRC  \\$aBLL02

