=LDR  01427 am a2200397 a 4500
=001  016108001
=003  Uk
=005  20150826193234.0
=008  120411s2011\\\\ag\a\\\\\c\\\\000\0\spa\d
=020  \\$a9789876092920 (paperback)
=020  \\$a9876092928 (paperback)
=035  \\$a(OCoLC)798213259
=040  \\$aAR-BaFGC$beng$cN15$dOCLCO$dPIT$dUk
=050  \4$aN6639.I55$bA4 2011
=100  1\$aIniesta, Nora,$d1950-
=245  10$aEvita :$bla dama de la esperanza /$cNora Iniesta ; [prólogo, Antonio Cafiero ; fotografía de obra, Adrian Gilardoni, Marcos Puma].
=250  \\$a1. ed.
=260  \\$aCiudad Autónoma de Buenos Aires :$bDel Nuevo Extremo Grupo Editorial,$c2011.
=300  \\$aca. 198 p. :$bchiefly ill. (chiefly col.) ;$c17 cm.
=336  \\$atext$2rdacontent
=337  \\$aunmediated$2rdamedia
=338  \\$avolume$2rdacarrier
=600  10$aIniesta, Nora,$d1950-$vCatalogs.
=600  10$aPerón, Eva,$d1919-1952$vIn art.
=700  1\$aGilardoni, Adrián.
=700  1\$aPuma, Marcos.
=852  41$aBritish Library$bHMNTS$jYF.2015.a.17487
=856  41$uhttp://core.cambeiro.com.ar/0-163952-0.pdf
=CAT  \\$a8229$b40$c20120620$lBLL01$h0805
=CAT  \\$a10904$b40$c20140519$lBLL01$h1327
=CAT  \\$a11342$b40$c20150826$lBLL01$h1932
=CAT  \\$aWR14_128$c20160226$lBLL01$h1626
=FIN  \\$aY$d20150826
=FMT  \\$a  BK
=LAS  \\$aWR14_128$b00$c20160226$lBLL01$h1626
=SID  \\$aZ39$bOCLC

