=LDR  01472cam a2200421 a 4500
=001  016108010
=003  Uk
=005  20121030104647.0
=008  120403s2012\\\\ag\\\\\\\b\\\\000\0\spa\d
=010  \\$a2012377181
=020  \\$a9789500738354
=035  \\$a(AR-BaFGC)0-109555/69
=040  \\$aAR-BaFGC$cAR-BaFGC$dDLC$dUk
=042  \\$aukblderived
=043  \\$alsfk---$as-ag---$ae-uk---
=050  00$aF3031.5$b.C37 2012
=100  1\$aCardoso, Oscar R.$q(Oscar Raúl)
=245  10$aMalvinas :$bla trama secreta /$cOscar R. Cardoso, Ricardo Kirschbaum, Eduardo van der Kooy ; colaboración especial, Alberto Amato.
=250  \\$a[Ed. definitiva, aum.].
=260  \\$aBuenos Aires :$bEditorial Sudamericana,$cc2012.
=300  \\$a740 p. ;$c23 cm.
=336  \\$atext$2rdacontent
=337  \\$aunmediated$2rdamedia
=338  \\$avolume$2rdacarrier
=504  \\$aIncludes bibliographical references.
=650  \0$aFalkland Islands War, 1982.
=650  \0$aFalkland Islands War, 1982$xDiplomatic history.
=700  1\$aKirschbaum, R.$q(Ricardo).
=700  1\$aKooy, E. van der$q(Eduardo).
=852  41$aBritish Library$bHMNTS$jYF.2012.a.30765
=856  41$uhttp://core.cambeiro.com.ar/0-109555-69.pdf
=CAT  \\$a8229$b40$c20120620$lBLL01$h0820
=CAT  \\$a11002$b40$c20121030$lBLL01$h1046
=CAT  \\$aBATCH-UPD$b40$c20230104$lBLL01$h2024
=FIN  \\$aY$d20121030
=FMT  \\$a  BK
=LAS  \\$aBATCH-UPD$b40$c20230104$lBLL01$h2024
=SID  \\$aZ39$bLOC

