=LDR  01564 am a2200433 a 4500
=001  016108021
=003  Uk
=005  20120905153915.0
=008  120306s2012\\\\ag\\\\\\\b\\\\001\0\spa\d
=010  \\$a2012377118
=020  \\$a9789500737982
=035  \\$a(AR-BaFGC)0-109555/68
=040  \\$aAR-BaFGC$cAR-BaFGC$dDLC$dUk
=042  \\$aukblderived
=043  \\$as-ag---
=050  00$aF2849.3$b.D56 2012
=100  1\$aDi Marco, Laura.
=245  13$aLa Cámpora :$bhistoria secreta de los herederos de Néstor y Cristina Kirchner /$cLaura Di Marco ; [investigación, Mariano Confalonieri ; producción periodística en la web y redes sociales, María Delia Pérez].
=260  \\$aBuenos Aires :$bEditorial Sudamericana,$cc2012.
=300  \\$a395 p. ;$c23 cm.
=336  \\$atext$2rdacontent
=337  \\$aunmediated$2rdamedia
=338  \\$avolume$2rdacarrier
=504  \\$aIncludes bibliographical references and index.
=610  20$aCámpora (Organization)$xHistory.
=650  \0$aPeronism.
=650  \0$aYouth$xPolitical activity$xSocieties, etc.
=651  \0$aArgentina$xPolitics and government$y2002-
=700  1\$aConfalonieri, Mariano.
=700  1\$aPérez, María Delia.
=852  41$aBritish Library$bHMNTS$jYF.2012.a.25104
=856  41$uhttp://core.cambeiro.com.ar/0-109555-68.pdf
=CAT  \\$a8229$b40$c20120620$lBLL01$h0843
=CAT  \\$a11131$b40$c20120905$lBLL01$h1539
=CAT  \\$a7416$b40$c20151009$lBLL01$h1217
=FIN  \\$aY$d20120905
=FMT  \\$a  BK
=LAS  \\$a7416$b40$c20151009$lBLL01$h1217
=SID  \\$aZ39$bLOC

