=LDR  01349 am a2200409 a 4500
=001  016108042
=003  Uk
=005  20130430113640.0
=008  120111s2011\\\\ag\a\\\\\b\\\\000\0\spa\d
=010  \\$a  2011438924
=020  \\$a9789872549411
=035  \\$a(AR-BaFGC)0-163644/0
=040  \\$aAR-BaFGC$cAR-BaFGC$dDLC$dUk
=041  0\$aspa$aeng
=042  \\$aukblderived
=043  \\$as-ag---
=050  00$aTR36$b.G76 2011
=100  1\$aGonzález, Valeria.
=245  10$aFotografía en la Argentina :$b1840-2010 /$cValeria González.
=250  \\$a1a. ed.
=260  \\$aBuenos Aires :$bEdiciones Artexarte de la Fundación Alfonso y Luz Castillo,$cc2011.
=300  \\$a207 p. :$bill. (some col.) ;$c27 cm.
=336  \\$atext$2rdacontent
=337  \\$aunmediated$2rdamedia
=338  \\$avolume$2rdacarrier
=504  \\$aIncludes bibliographical references (p. 149-155).
=546  \\$aTexts in Spanish and English.
=650  \0$aPhotography$zArgentina$xHistory.
=650  \0$aPhotography, Artistic$zArgentina$xHistory.
=852  41$aBritish Library$bHMNTS$jYF.2013.b.629
=856  41$uhttp://core.cambeiro.com.ar/0-163644-0.pdf
=CAT  \\$a8229$b40$c20120620$lBLL01$h0912
=CAT  \\$a10904$b40$c20130430$lBLL01$h1136
=FIN  \\$aY$d20130430
=FMT  \\$a  BK
=LAS  \\$a10904$b40$c20130430$lBLL01$h1136
=SID  \\$aZ39$bLOC

