=LDR  01691 am a2200433 a 4500
=001  016108053
=003  Uk
=005  20121030074525.0
=008  120305s2011\\\\ag\\\\\\\b\\\\000\0\spa\d
=010  \\$a2012377090
=020  \\$a9789872739300
=035  \\$a(AR-BaFGC)0-165217/0
=040  \\$aAR-BaFGC$cAR-BaFGC$dDLC$dUk
=042  \\$aukblderived
=043  \\$as-ag---
=050  00$aHD6602$b.D39 2011
=100  1\$aDawyd, Darío.
=245  10$aSindicatos y política en la Argentina del Cordobazo :$bel peronismo entre la CGT de los Argentinos y la reorganización sindical : 1968-1970 /$cDarío Dawyd.
=260  \\$aCiudad Autónoma de Bs. As. [i.e. Buenos Aires] :$bPueblo Heredero Editorial,$cc2011.
=300  \\$a371 p. ;$c20 cm.
=336  \\$atext$2rdacontent
=337  \\$aunmediated$2rdamedia
=338  \\$avolume$2rdacarrier
=500  \\$aOriginally presented as the author's thesis (doctoral)--Universidad de Buenos Aires.
=504  \\$aIncludes bibliographical references (p. [359]-371).
=610  20$aConfederación General del Trabajo de los Argentinos.
=610  20$aCGT-Azopardo (Labor organization)
=650  \0$aLabor unions$zArgentina$xHistory$y20th century.
=650  \0$aLabor unions$xPolitical activity$zArgentina$xHistory$y20th century.
=650  \0$aPeronism$xHistory.
=651  \0$aArgentina$xPolitics and government$y1955-1983.
=852  41$aBritish Library$bHMNTS$jYF.2012.a.32404
=856  41$uhttp://core.cambeiro.com.ar/0-165217-0.pdf
=CAT  \\$a8229$b40$c20120620$lBLL01$h0921
=CAT  \\$a11002$b40$c20121030$lBLL01$h0745
=FIN  \\$aY$d20121030
=FMT  \\$a  BK
=LAS  \\$a11002$b40$c20121030$lBLL01$h0745
=SID  \\$aZ39$bLOC

