=LDR  01617 am a2200445 a 4500
=001  016108077
=003  Uk
=005  20130322105712.0
=008  120518s2011\\\\ag\\\\\\\b\\\\000\0\spa\d
=020  \\$a9789875452909
=020  \\$a9875452904
=035  \\$a(OCoLC)808600590
=040  \\$aAR-BaFGC$cN15$dOCLCO$dCGU$dUk
=042  \\$aukblderived
=043  \\$as-ag---
=050  \4$aF2848$b.B35 2011
=100  1\$aBalza, Martín Antonio.
=245  10$aMi historia argentina :$bviolencia, impunidad y justicia /$cMartín Antonio Balza ; [prólogo de Fabián Bosoer].
=250  \\$a1. ed.
=260  \\$aBuenos Aires :$bGrupo Editorial Norma,$c2011.
=300  \\$a533 p. ;$c23 cm.
=336  \\$atext$2rdacontent
=337  \\$aunmediated$2rdamedia
=338  \\$avolume$2rdacarrier
=490  1\$aColección Biografías y documentos
=504  \\$aIncludes bibliographical references (p. 525-533).
=650  \0$aPolitical violence$zArgentina$xHistory$y20th century.
=650  \0$aArmed Forces$xPolitical activity$xHistory$y20th century.
=650  \0$aState-sponsored terrorism$zArgentina$xHistory$y20th century.
=651  \0$aArgentina$xPolitics and government$y20th century.
=830  \0$aColección Biografías y documentos.
=852  41$aBritish Library$bHMNTS$jYF.2013.a.5371
=856  41$uhttp://core.cambeiro.com.ar/0-74955-104.pdf
=CAT  \\$a8229$b40$c20120620$lBLL01$h0946
=CAT  \\$a11131$b40$c20130322$lBLL01$h1057
=CAT  \\$aBATCH-UPD$b40$c20160330$lBLL01$h1627
=FIN  \\$aY$d20130322
=FMT  \\$a  BK
=LAS  \\$aBATCH-UPD$b40$c20160330$lBLL01$h1627
=SID  \\$aZ39$bOCLC

