=LDR  01429 am a22004094a 4500
=001  016108154
=003  Uk
=005  20120918164836.0
=008  110919s2011\\\\ag\\\\\\\b\\\\000\0\spa\d
=010  \\$a2011438560
=020  \\$a9789872639501
=035  \\$a(AR-BaFGC)0-161919/0
=040  \\$aAR-BaFGC$cAR-BaFGC$dDLC$dUk
=042  \\$aukblderived
=043  \\$as-ag---
=050  00$aPQ7656$b.P35 2011
=100  1\$aPalmeiro, Cecilia,$d1975-
=245  10$aDesbunde y felicidad :$bde la Cartonera a Perlongher /$cCecilia Palmeiro.
=260  \\$aBuenos Aires :$bTítulo,$cc2011.
=300  \\$a357 p. ;$c20 cm.
=336  \\$atext$2rdacontent
=337  \\$aunmediated$2rdamedia
=338  \\$avolume$2rdacarrier
=500  \\$aOriginally presented as thesis (doctoral)--Princeton University, 2010.
=504  \\$aIncludes bibliographical references (p. 341-357).
=600  10$aPerlongher, Néstor,$d1949-1992$xCriticism and interpretation.
=650  \0$aArgentine literature$y21st century$xHistory and criticism.
=650  \0$aAuthors, Argentine$y21st century.
=852  41$aBritish Library$bHMNTS$jYF.2012.a.26603
=856  41$uhttp://core.cambeiro.com.ar/0-161919-0.pdf
=CAT  \\$a8229$b40$c20120620$lBLL01$h1112
=CAT  \\$a11131$b40$c20120906$lBLL01$h0934
=CAT  \\$a5512$b40$c20120918$lBLL01$h1648
=FIN  \\$aY$d20120906
=FMT  \\$a  BK
=LAS  \\$a5512$b40$c20120918$lBLL01$h1648
=SID  \\$aZ39$bLOC

