=LDR  01461 am a2200421 a 4500
=001  016108170
=003  Uk
=005  20121030084946.0
=008  111111s2011\\\\sp\\\\\\\b\\\\000\0bspa\d
=010  \\$a2011438775
=020  \\$z9789501525250
=035  \\$a(AR-BaFGC)0-1180/64
=040  \\$aAR-BaFGC$cAR-BaFGC$dDLC$dUk
=042  \\$aukblderived
=043  \\$as-ag---
=050  00$aU55.M262$bP54 2011
=100  1\$aPignatelli, Adrián.
=245  13$aEl traidor :$bla historia del único militar argentino destituído por espionaje /$cAdrián Ignacio Pignatelli.
=250  \\$a1ra ed.
=260  \\$aBarcelona :$bVergara, Grupo Zeta,$cc2011.
=300  \\$a315 p. ;$c23 cm.
=336  \\$atext$2rdacontent
=337  \\$aunmediated$2rdamedia
=338  \\$avolume$2rdacarrier
=490  0\$aBiografía e historia
=504  \\$aIncludes bibliographical references (p. [309]-315).
=600  10$aMac Hannaford, Guillermo,$d1896-1961.
=600  10$aMac Hannaford, Guillermo$x1896-1961$xTrials, litigation, etc.
=610  10$aArgentina.$bEjército$xOfficers$vBiography.
=650  \0$aTrials (Espionage)$zArgentina$xHistory$y20th century.
=852  41$aBritish Library$bHMNTS$jYF.2014.a.9505
=856  41$uhttp://core.cambeiro.com.ar/0-1180-64.pdf
=CAT  \\$a8229$b40$c20120620$lBLL01$h1123
=CAT  \\$a11002$b40$c20121030$lBLL01$h0849
=FIN  \\$aY$d20121030
=FMT  \\$a  BK
=LAS  \\$a11002$b40$c20121030$lBLL01$h0849
=SID  \\$aZ39$bLOC

