=LDR  01398 am a22004217a 4500
=001  016120416
=003  Uk
=005  20121022075013.0
=008  110517s2011\\\\ag\\\\\\\b\\\\000\0\spa\d
=020  \\$a9789871155736
=020  \\$a9871155735
=035  \\$a(OCoLC)741166376
=040  \\$aAR-BaFGC$cN15$dNUI$dIUL$dIQU$dUk
=042  \\$aukblderived
=043  \\$as-ag---
=050  \4$aKHA5586$b.J85 2011
=245  00$aJuicios por crímenes de lesa humanidad en Argentina /$cGabriele Andreozzi, coordinador ; [Horacio Verbitsky ... et al.].
=250  \\$a1a. ed.
=260  \\$a[Argentina] :$bCara o Ceca,$cc2011.
=300  \\$a303 p. ;$c23 cm.
=336  \\$atext$2rdacontent
=337  \\$aunmediated$2rdamedia
=338  \\$avolume$2rdacarrier
=490  1\$aCara o seca. Derechos humanos
=504  \\$aIncludes bibliographical references.
=650  \0$aTrials (Crimes against humanity)$zArgentina.
=650  \0$aCrimes against humanity$zArgentina.
=650  \0$aHuman rights$zArgentina.
=700  1\$aAndreozzi, Gabriele.
=830  \0$aCara o ceca.$pDerechos humanos.
=852  41$aBritish Library$bHMNTS$jYF.2012.a.29725
=856  \\$uhttp://core.cambeiro.com.ar/0-162525-1.pdf
=CAT  \\$a8157$b40$c20120706$lBLL01$h1558
=CAT  \\$a11131$b40$c20121022$lBLL01$h0750
=FIN  \\$aY$d20121022
=FMT  \\$a  BK
=LAS  \\$a11131$b40$c20121022$lBLL01$h0750
=SID  \\$aZ39$bOCLC

