=LDR  01403 am a22003974a 4500
=001  016120788
=003  Uk
=005  20121022073315.0
=008  110805s2011\\\\ag\a\\\\\b\\\\000\0\spa\d
=010  \\$a  2011438343
=020  \\$a9789504927037
=035  \\$a(AR-BaFGC)0-163256/0
=040  \\$aAR-BaFGC$cAR-BaFGC$dDLC$dUk
=042  \\$aukblderived
=043  \\$as-ag---
=050  00$aF2849$b.A27 2011
=100  1\$aAcha, Omar,$d1971-
=245  14$aLos muchachos peronistas :$borígenes olvidados de la Juventud Peronista, 1945-1955 /$cOmar Acha.
=260  \\$aC.A.B.A. [i. e. Ciudad Autónoma de Buenos Aires] :$bPlaneta,$cc2011.
=300  \\$a252 p. :$bill. ;$c23 cm.
=336  \\$atext$2rdacontent
=337  \\$aunmediated$2rdamedia
=338  \\$avolume$2rdacarrier
=504  \\$aIncludes bibliographical references (p. 241-252).
=610  20$aJuventud Peronista (Organization : Argentina)$xHistory$y20th century.
=650  \0$aPeronism.
=650  \0$aYouth$xPolitical activity$zArgentina$xHistory$y20th century.
=651  \0$aArgentina$xPolitics and government$y1943-1955.
=852  41$aBritish Library$bHMNTS$jYF.2012.a.29724
=856  41$uhttp://core.cambeiro.com.ar/0-163256-0.pdf
=CAT  \\$a8157$b40$c20120709$lBLL01$h0749
=CAT  \\$a11131$b40$c20121022$lBLL01$h0733
=FIN  \\$aY$d20121022
=FMT  \\$a  BK
=LAS  \\$a11131$b40$c20121022$lBLL01$h0733
=SRC  \\$aBLL02

