=LDR  01529 am a22004097a 4500
=001  016120792
=003  Uk
=005  20140416092354.0
=008  110902s2011\\\\ag\\\\\\\b\\\\000\0\spa\d
=010  \\$a  2011438445
=020  \\$a9789875745018
=035  \\$a(AR-BaFGC)0-155472/7
=040  \\$aAR-BaFGC$cAR-BaFGC$dDLC$dUk
=042  \\$aukblderived
=043  \\$as-ag---
=050  00$aF2845$b.C26 2011
=100  1\$aCarozzi, Silvana.
=245  14$aLas filosofías de la revolución :$bMariano Moreno y los jacobinos rioplatenses en la prensa de Mayo, 1810-1815 /$cSilvana Carozzi.
=260  \\$aCiudad Autónoma de Buenos Aires :$bPrometeo Libros,$cc2011.
=300  \\$a384 p. ;$c22 cm.
=336  \\$atext$2rdacontent
=337  \\$aunmediated$2rdamedia
=338  \\$avolume$2rdacarrier
=490  0\$aPrometeo bicentenario
=504  \\$aIncludes bibliographical references (p. 371-384).
=651  \0$aArgentina$xPolitics and government$yWar of Independence, 1806-1817$xPhilosophy.
=651  \0$aArgentina$xPolitics and government$yWar of Independence, 1806-1817$xPress coverage.
=651  \0$aArgentina$xIntellectual life$y19th century.
=651  \0$aFrance$xHistory$yRevolution, 1789-1799$xInfluence.
=852  41$aBritish Library$bHMNTS$jYF.2014.a.9620
=856  41$uhttp://core.cambeiro.com.ar/0-155472-7.pdf
=CAT  \\$a8157$b40$c20120709$lBLL01$h0752
=CAT  \\$a11131$b40$c20140416$lBLL01$h0923
=FIN  \\$aY$d20140416
=FMT  \\$a  BK
=LAS  \\$a11131$b40$c20140416$lBLL01$h0923
=SRC  \\$aBLL02

