=LDR  01450 am a2200409 a 4500
=001  016120813
=003  Uk
=005  20120906093919.0
=008  110216s2010\\\\ag\\\\\\\b\\\\000\0\spa\d
=010  \\$a  2010504433
=020  \\$a9789875744417
=035  \\$a(AR-BaFGC)0-161384/0
=040  \\$aAR-BaFGC$cAR-BaFGC$dDLC$dUk
=042  \\$aukblderived
=043  \\$as-ag---
=050  00$aJL2020.C58$bS23 2010
=082  00$a322/.50982$223
=100  1\$aSain, Marcelo Fabián.
=245  14$aLos votos y las botas :$bestudios sobre la defensa nacional y las relaciones civil-militares en la democracia argentina /$cMarcelo Fabián Sain.
=260  \\$aCiudad Autónoma de Buenos Aires :$bPrometeo Libros,$cc2010.
=300  \\$a268 p. ;$c22 cm.
=336  \\$atext$2rdacontent
=337  \\$aunmediated$2rdamedia
=338  \\$avolume$2rdacarrier
=490  0\$aColección Ciencias sociales
=504  \\$aIncludes bibliographical references.
=650  \0$aCivil-military relations$zArgentina$xHistory$y20th century.
=650  \0$aCivil-military relations$zArgentina$xHistory$y21st century.
=651  \0$aArgentina$xMilitary policy.
=852  41$aBritish Library$bHMNTS$jYF.2012.a.25108
=856  41$uhttp://core.cambeiro.com.ar/0-161384-0.pdf
=CAT  \\$a8157$b40$c20120709$lBLL01$h0818
=CAT  \\$a11131$b40$c20120906$lBLL01$h0939
=FIN  \\$aY$d20120906
=FMT  \\$a  BK
=LAS  \\$a11131$b40$c20120906$lBLL01$h0939
=SRC  \\$aBLL02

