=LDR  01342 am a2200397 a 4500
=001  016121123
=003  Uk
=005  20130123114040.0
=008  111216s2011\\\\ag\a\\\\\\\\\\000\0\spa\d
=010  \\$a2011438873
=020  \\$a9789872380441
=035  \\$a(AR-BaFGC)0-164511/0
=040  \\$aAR-BaFGC$cAR-BaFGC$dDLC$dUk
=042  \\$aukblderived
=043  \\$as-ag---
=050  00$aF2849.33.K57$bN475 2011
=245  00$aNéstor vive! /$c[idea y textos, Claudia Berra ; fotografía, Rafael Beláustegui y Florencia Percia].
=260  \\$aArgentina :$bEdiciones Piloto de Tormenta,$c2011.
=300  \\$a[123] p. :$bchiefly ill. (chiefly col.) ;$c15 x 18 cm.
=336  \\$atext$2rdacontent
=337  \\$aunmediated$2rdamedia
=338  \\$avolume$2rdacarrier
=600  10$aKirchner, Néstor$vPictorial works.
=650  \0$aPresidents$zArgentina$vPictorial works.
=700  1\$aBerra, Claudia.
=700  1\$aBeláustegui, Rafael,$d1927-
=700  1\$aPercia, Florencia.
=852  41$aBritish Library$bHMNTS$jYF.2013.a.1752
=856  41$uhttp://core.cambeiro.com.ar/0-164511-0.pdf
=CAT  \\$a8157$b40$c20120709$lBLL01$h1431
=CAT  \\$a11131$b40$c20121022$lBLL01$h0801
=CAT  \\$a6066$b40$c20130123$lBLL01$h1140
=FIN  \\$aY$d20121022
=FMT  \\$a  BK
=LAS  \\$a6066$b40$c20130123$lBLL01$h1140
=SID  \\$aZ39$bLOC

