=LDR  01497 am a2200409 a 4500
=001  016121156
=003  Uk
=005  20140416091900.0
=008  111124s2011\\\\ag\af\\\\\\\\\000\0\spa\d
=010  \\$a2011438790
=020  \\$a9789871505227
=020  \\$a9871505221
=035  \\$a(OCoLC)772391773
=040  \\$aAR-BaFGC$beng$cDLC$dUk
=042  \\$aukblderived
=043  \\$as-ag---
=050  00$aHQ1534.N48$bR49 2011
=100  1\$aReynoso, Mónica.
=245  10$aColectiva Feminista La Revuelta :$buna bio-genealogía /$cMónica Reynoso ; con la colaboración de Ruth Zurbriggen.
=260  \\$aBuenos Aires :$bEdiciones Herramienta,$cc2011.
=300  \\$a328 p., [15] p. of plates :$bill. ;$c23 cm.
=336  \\$atext$2rdacontent
=337  \\$aunmediated$2rdamedia
=338  \\$avolume$2rdacarrier
=610  20$aColectiva Feminista La Revuelta (Neuquén, Argentina)$xHistory.
=650  \0$aFeminism$zArgentina$zNeuquén (Province)$xHistory$y21st century.
=650  \0$aWomen$xPolitical activity$zArgentina$zNeuquén (Province)$vCase studies.
=650  \0$aWomen$xCrimes against$zArgentina$zNeuquén (Province)$vCase studies.
=700  1\$aZurbriggen, Ruth.
=852  41$aBritish Library$bHMNTS$jYF.2014.a.9621
=856  41$uhttp://core.cambeiro.com.ar/0-164321-0.pdf
=CAT  \\$a8157$b40$c20120709$lBLL01$h1503
=CAT  \\$a11131$b40$c20140416$lBLL01$h0919
=FIN  \\$aY$d20140416
=FMT  \\$a  BK
=LAS  \\$a11131$b40$c20140416$lBLL01$h0919
=SID  \\$aZ39$bOCLC

