=LDR  02002 am a2200541 a 4500
=001  016121159
=003  Uk
=005  20140415161345.0
=008  111207s2011\\\\ag\\\\\\\b\\\\000\0\spa\d
=020  \\$a9789507869280
=020  \\$a950786928X
=035  \\$a(OCoLC)778783656
=040  \\$aAR-BaFGC$cN15$dPL#$dI5B$dPIT$dOCLCF$dUk
=042  \\$aukblderived
=043  \\$as-ag---$as-bl---
=050  \4$aLA546$b.R44 2011
=245  00$aReformas educativas en Brasil y Argentina :$bensayos de historia comparada de la educación, 1820-2000 /$cDiana G. Vidal, Adrián Ascolani, coordinadores.
=250  \\$a1. ed.
=260  \\$aBuenos Aires :$bEditorial Biblos,$cc2011.
=300  \\$a250 p. ;$c22 cm.
=336  \\$atext$2rdacontent
=337  \\$aunmediated$2rdamedia
=338  \\$avolume$2rdacarrier
=490  1\$aColección Educación y sociedad
=504  \\$aIncludes bibliographical references.
=650  \0$aEducation$zArgentina$xHistory.
=650  \0$aEducation$zBrazil$xHistory.
=650  \0$aEducation and state$zArgentina$xHistory.
=650  \0$aEducation and state$zBrazil$xHistory.
=650  \0$aComparative education.
=650  \7$aComparative education.$2fast$0(OCoLC)fst00871331
=650  \7$aEducation.$2fast$0(OCoLC)fst00902499
=650  \7$aEducation and state.$2fast$0(OCoLC)fst00902835
=651  \7$aArgentina.$2fast$0(OCoLC)fst01205614
=651  \7$aBrazil.$2fast$0(OCoLC)fst01206830
=655  \7$aHistory.$2fast$0(OCoLC)fst01411628
=700  1\$aVidal, Diana Gonçalves,$d1960-
=700  1\$aAscolani, Adrián.
=830  \0$aColección Educación y sociedad (Editorial Biblos)
=852  41$aBritish Library$bHMNTS$jYF.2014.a.9471
=856  41$uhttp://core.cambeiro.com.ar/0-89611-6.pdf
=CAT  \\$a8157$b40$c20120709$lBLL01$h1507
=CAT  \\$a5512$b40$c20140415$lBLL01$h1613
=CAT  \\$aBATCH-UPD$b40$c20210902$lBLL01$h2024
=FIN  \\$aY$d20140415
=FMT  \\$a  BK
=LAS  \\$aBATCH-UPD$b40$c20210902$lBLL01$h2024
=SID  \\$aZ39$bOCLC

