=LDR  01472 am a2200421 a 4500
=001  016145219
=003  Uk
=005  20121020103920.0
=008  120418s2012\\\\ag\a\\\\\b\\\\000\0\spa\d
=010  \\$a2012377305
=020  \\$a9789871307463
=035  \\$a(AR-BaFGC)0-119908/26
=040  \\$aAR-BaFGC$cAR-BaFGC$dDLC$dUk
=042  \\$aukblderived
=043  \\$as-ag---
=050  00$aHV6322.3.A7$bJ668 2012
=245  00$aJorge Julio López :$bmemoria escrita /$cJorge Caterbetti, compilador.
=260  \\$aCiudad de Buenos Aires :$bMarea Editorial,$cc2012.
=300  \\$a163 p. :$bill. ;$c24 cm.
=336  \\$atext$2rdacontent
=337  \\$aunmediated$2rdamedia
=338  \\$avolume$2rdacarrier
=490  0\$aHistoria urgente
=504  \\$aIncludes bibliographical references.
=600  10$aLópez, Jorge Julio.
=650  \0$aState-sponsored terrorism$zArgentina$xHistory$y20th century$vSources.
=650  \0$aDisappeared persons$zArgentina$xHistory$y20th century$vSources.
=650  \0$aVictims of state-sponsored terrorism$zArgentina$yHistory$y20th century$vSources.
=700  1\$aCaterbetti, Jorge.
=700  1\$aLópez, Jorge Julio.
=852  41$aBritish Library$bHMNTS$jYF.2012.a.29707
=856  41$uhttp://core.cambeiro.com.ar/0-119908-26.pdf
=CAT  \\$a5181$b40$c20120810$lBLL01$h0918
=CAT  \\$a11131$b40$c20121020$lBLL01$h1039
=FIN  \\$aY$d20121020
=FMT  \\$a  BK
=LAS  \\$a11131$b40$c20121020$lBLL01$h1039
=SID  \\$aZ39$bLOC

