=LDR  01303 am a22003857a 4500
=001  016145223
=003  Uk
=005  20140623072925.0
=008  120605s2012\\\\ag\a\\\\\b\\\\000\0dspa\d
=010  \\$a  2012377559
=020  \\$a9789872765415
=035  \\$a(AR-BaFGC)0-166468/1
=040  \\$aAR-BaFGC$cAR-BaFGC$dDLC$dUk
=042  \\$aukblcatcopy
=043  \\$as-ag---
=050  00$aZ519.3.T67$bA27 2012
=100  1\$aAbraham, Carlos Enrique.
=245  13$aLa editorial Tor :$bmedio siglo de libros populares /$cCarlos Abraham ; prólogo de Horacio González.
=260  \\$a[Temperley, Argentina?] :$bTren en Movimiento,$c[2012]
=300  \\$a255 p. :$bill. ;$c18 cm.
=336  \\$atext$2rdacontent
=337  \\$aunmediated$2rdamedia
=338  \\$avolume$2rdacarrier
=490  0\$aSentidos del libro
=504  \\$aIncludes bibliographical references (p. 251-254).
=610  20$aEditorial Tor$xHistory.
=650  \0$aPublishers and publishing$zArgentina$xHistory$y20th century.
=852  41$aBritish Library$bHMNTS$jYF.2014.a.14975
=856  41$uhttp://core.cambeiro.com.ar/0-166468-1.pdf
=CAT  \\$a5181$b40$c20120810$lBLL01$h0921
=CAT  \\$a11002$b40$c20140623$lBLL01$h0729
=FIN  \\$aY$d20140623
=FMT  \\$a  BK
=LAS  \\$a11002$b40$c20140623$lBLL01$h0729
=SRC  \\$aBLL02

