=LDR  03538 am a2200601 a 4500
=001  016145257
=003  Uk
=005  20140417135937.0
=008  120816s2012\\\\ag\\\\\\\b\\\\100\0\spa\d
=020  \\$a9789876143394
=020  \\$a9876143395
=035  \\$a(OCoLC)813226918
=040  \\$aAR-BaFGC$cN15$dOCLCQ$dIXA$dYDXCP$dNOC$dVIA$dOCLCF$dUk
=042  \\$aukblderived
=043  \\$ama-----$acl-----
=050  \4$aDS63.18$b.C65 2011
=082  \4$a909.097408 REVOL
=111  2\$aColoquio Internacional Las Revoluciones Árabes y la Nueva Geopolítica Mundial$d(2011 :$cBuenos Aires, Argentina)
=245  14$aLas revoluciones árabes :$bcausas, consecuencias e impacto en América Latina : Coloquio Internacional, Buenos Aires, 8 y 9 de septiembre de 2011 /$cSantiago Alba Rico ... [et al.].
=250  \\$a1. ed. en Argentina.
=260  \\$aBuenos Aires ;$aEdiciones Le Monde Diplomatique "el Dipló" :$bCapital Intelectual,$c2012.
=300  \\$a197 p. ;$c22 cm.
=336  \\$atext$2rdacontent
=337  \\$aunmediated$2rdamedia
=338  \\$avolume$2rdacarrier
=490  1\$aColección Le Monde diplomatique ;$v58
=504  \\$aIncludes bibliographical references.
=505  0\$aPresentación / José Natanson -- Panorama geopolítico antes de las insurrecciones / Bernard Cassen -- Un siglo de revueltas árabes / Pierre Conesa -- ¿Revuelta o revolución en el mundo árabe? / Pedro Brieger -- Túnez y Egipto: crisis global y revolución democrática / Santiago Alba Rico -- El despertar de los á́rabes / Dima Khatib -- Las redes sociales en las revueltas árabes / Gustavo Sierra -- El conflicto israelo-palestino y las revoluciones árabes / Zeev Sternhell -- 11 de septiembre de 2001: el "juicio final" / John G. Mason -- El encanto de la revolución y la razón de Estado (progresista) / Khatchik DerGhougassian -- Revolución y contrarrevolución en el mundo musulmán / Luis Brito García -- Las visiones rebeldes de América Latina sobre las rebeliones árabes / Elizabeth Carvalho -- Significado y porvenir de las revoluciones árabes / Sami Naïr -- ¿Hacia qué nuevo "sistema-mundo"? / Ignacio Ramonet.
=611  27$aArab Spring (2010-)$2fast$0(OCoLC)fst01896290
=648  \7$a2000 - 2099$2fast
=650  \0$aRevolutions$zArab countries$xHistory$y21st century$vCongresses.
=650  \0$aArab Spring, 2010-$vCongresses.
=650  \7$aInternational relations.$2fast$0(OCoLC)fst00977053
=650  \7$aPolitical science.$2fast$0(OCoLC)fst01069781
=650  \7$aRevolutions.$2fast$0(OCoLC)fst01096737
=651  \0$aArab countries$xPolitics and government$y21st century$vCongresses.
=651  \0$aLatin America$xForeign relations$zArab countries$vCongresses.
=651  \0$aArab countries$xForeign relations$zLatin America$vCongresses.
=651  \7$aArab countries.$2fast$0(OCoLC)fst01240128
=651  \7$aLatin America.$2fast$0(OCoLC)fst01245945
=655  \7$aConference proceedings.$2fast$0(OCoLC)fst01423772
=655  \7$aHistory.$2fast$0(OCoLC)fst01411628
=710  2\$aLe Monde Diplomatique, edición Cono Sur.
=710  2\$aMémorie des luttes (Association)
=830  \0$aMonde diplomatique (Series) (Buenos Aires, Argentina) ;$v58.
=852  41$aBritish Library$bHMNTS$jYF.2014.a.9723
=856  41$uhttp://core.cambeiro.com.ar/0-100978-42.pdf
=CAT  \\$a5181$b40$c20120810$lBLL01$h0948
=CAT  \\$a5512$b40$c20140417$lBLL01$h1359
=FIN  \\$aY$d20140417
=FMT  \\$a  BK
=LAS  \\$a5512$b40$c20140417$lBLL01$h1359
=SID  \\$aZ39$bOCLC

