=LDR  02461 am a2200553 i 4500
=001  016145298
=003  Uk
=005  20140415161939.0
=008  130117s2012\\\\ag\a\\\\\b\\\\000\0dspa\d
=020  \\$a9872675619
=020  \\$a9789872675615
=035  \\$a(OCoLC)832820857
=040  \\$aAR-BaFGC$beng$cN15$dCGU$dIXA$dTOZ$dOCLCF$dUk$erda
=042  \\$aukblderived
=043  \\$as-pe---
=050  \4$aF3429$b.S27 2012
=050  \4$aF3429$b.S22 2012
=100  1\$aSarmiento de Gamboa, Pedro,$d1532-1592,$eauthor.
=240  10$aHistoria de los Incas
=245  13$aLa historia de los inkas /$cPedro Sarmiento de Gamboa ; transcripción, estudio crítico del manuscrito, estudio preliminar y notas de Ángel Amílcar Alberto Manzo.
=264  \1$aLa Plata, Buenos Aires, Argentina :$bYáhuar Grupo Editor,$c2012.
=300  \\$a490 pages :$billustrations ;$c24 cm
=336  \\$atext$btxt$2rdacontent
=337  \\$aunmediated$bn$2rdamedia
=338  \\$avolume$bnc$2rdacarrier
=500  \\$a"Segunda parte de la historia general llamada yndica, la q(ua)l por ma(n)dado d(e)l Ex(elentisi)mo S. do(n) fran(cis)co d(e) toledo virrey gobernador y cap(i)t(an) general d(e) los rreynos d(e)l Piru y mayordomo d(e) la casa Real d(e) Castilla co(m)puso el cap(i)t(an) p(edr)o Sarmiento De gamboa."
=500  \\$aPrevious edition: Buenos Aires, Emecé, 1942. With new preliminary study and notes.
=504  \\$aIncludes bibliographical references (pages 251-263).
=648  \7$aTo 1548$2fast
=650  \0$aIncas$xHistory.
=650  \0$aIndians of South America$zPeru$xHistory.
=650  \7$aIncas.$2fast$0(OCoLC)fst00968458
=650  \7$aIndians of South America.$2fast$0(OCoLC)fst00969962
=651  \0$aPeru$xHistory$yTo 1548.
=651  \7$aPeru.$2fast$0(OCoLC)fst01205190
=655  \7$aHistory.$2fast$0(OCoLC)fst01411628
=700  1\$aManzo, Angel Amilcar Alberto,$eeditor,$etranscriber,$ewriter of added commentary.
=852  41$aBritish Library$bHMNTS$jYF.2014.a.9454
=856  41$uhttp://core.cambeiro.com.ar/0-168790-0.pdf
=CAT  \\$a5181$b40$c20120810$lBLL01$h1050
=CAT  \\$a5512$b40$c20140415$lBLL01$h1619
=CAT  \\$aBATCH-UPD$b40$c20151101$lBLL01$h2139
=CAT  \\$a14633$b40$c20170626$lBLL01$h1335
=CAT  \\$aR1811-0573$c20181108$lBLL01$h1733
=CAT  \\$aBATCH-UPD$b00$c20181108$lBLL01$h1748
=FIN  \\$aY$d20140415
=FMT  \\$a  BK
=LAS  \\$aBATCH-UPD$b00$c20181108$lBLL01$h1748
=SID  \\$aZ39$bOCLC

