=LDR  01540 am a2200421 a 4500
=001  016145536
=003  Uk
=005  20121030105551.0
=008  120120s2011\\\\ag\a\\\\\b\\\\000\0\spa\d
=010  \\$a2011438988
=020  \\$a9789871599745
=035  \\$a(AR-BaFGC)0-165039/1
=040  \\$aAR-BaFGC$cAR-BaFGC$dDLC$dUk
=042  \\$aukblderived
=043  \\$as-ag---
=050  00$aHD1531.A7$bC66 2011
=245  00$aConflictividad en el agro argentino :$bambiente, sociedad y estado /$cJuan Manuel Cerdá y Luciana Leite, compiladores ; Alejandra de Arce ... [et al.].
=260  \\$aBuenos Aires :$bCONICET :$bEdiciones Ciccus, :$bCentro de Estudios de la Argentina Rural,$cc2011.
=300  \\$a218 p. :$bill., maps ;$c23 cm.
=336  \\$atext$2rdacontent
=337  \\$aunmediated$2rdamedia
=338  \\$avolume$2rdacarrier
=490  0\$aColección Ambiente y sociedad
=504  \\$aIncludes bibliographical references.
=650  \0$aAgricultural laborers$xPolitical activity$zArgentina.
=650  \0$aAgriculture and state$zArgentina.
=650  \0$aAgriculture$xEnvironmental aspects$zArgentina.
=651  \0$aArgentina$xRural conditions.
=700  1\$aCerdá, Juan Manuel.
=700  1\$aLeite, Luciana.
=852  41$aBritish Library$bHMNTS$jYF.2013.a.8535
=856  41$uhttp://core.cambeiro.com.ar/0-165039-1.pdf
=CAT  \\$a5181$b40$c20120810$lBLL01$h1344
=CAT  \\$a11002$b40$c20121030$lBLL01$h1055
=FIN  \\$aY$d20121030
=FMT  \\$a  BK
=LAS  \\$a11002$b40$c20121030$lBLL01$h1055
=SID  \\$aZ39$bLOC

