=LDR  01288 am a2200397 a 4500
=001  016145542
=003  Uk
=005  20121030073624.0
=008  120111s2011\\\\ag\\\\\\\b\\\\000\0\spa\d
=010  \\$a2011438962
=020  \\$a9789871599776
=035  \\$a(AR-BaFGC)0-164814/0
=040  \\$aAR-BaFGC$cAR-BaFGC$dDLC$dUk
=042  \\$aukblderived
=043  \\$as-ag---
=050  00$aHQ759$b.M311 2011
=245  00$aMadre no hay una sola :$bexperiencias de maternidad en la Argentina /$cKarina Felitti, coordinadora ; Marcela Amador Ospina ... [et al.].
=250  \\$a1. ed.
=260  \\$a[Buenos Aires?] :$bEdiciones CICCUS,$c2011.
=300  \\$a283 p. ;$c23 cm.
=336  \\$atext$2rdacontent
=337  \\$aunmediated$2rdamedia
=338  \\$avolume$2rdacarrier
=504  \\$aIncludes bibliographical references.
=650  \0$aMotherhood$zArgentina.
=650  \0$aMothers$zArgentina.
=650  \0$aReproductive rights$zArgentina.
=700  1\$aFelitti, Karina.
=852  41$aBritish Library$bHMNTS$jYF.2012.a.30767
=856  41$uhttp://core.cambeiro.com.ar/0-164814-0.pdf
=CAT  \\$a5181$b40$c20120810$lBLL01$h1348
=CAT  \\$a11002$b40$c20121030$lBLL01$h0736
=FIN  \\$aY$d20121030
=FMT  \\$a  BK
=LAS  \\$a11002$b40$c20121030$lBLL01$h0736
=SID  \\$aZ39$bLOC

