=LDR  01482 am a2200409 a 4500
=001  016145552
=003  Uk
=005  20121022094437.0
=008  120312s2011\\\\ag\a\\\\\b\\\\000\0\spa\d
=010  \\$a2012377135
=020  \\$a9789871238835
=035  \\$a(AR-BaFGC)0-165131/0
=040  \\$aAR-BaFGC$cAR-BaFGC$dDLC$dUk
=042  \\$aukblderived
=043  \\$as-ag---
=050  00$aHQ1075.5.A7$bP69 2011
=100  1\$aPozzio, María,$d1977-
=245  10$aMadres, mujeres y amantes :$busos y sentidos de género en la gestión cotidiana de políticas de salud /$cMaría Pozzio.
=250  \\$a1. ed.
=260  \\$a[Buenos Aires?] :$bEA :$bIDES,$c2011.
=300  \\$a92 p. :$bill. ;$c23 cm.
=336  \\$atext$2rdacontent
=337  \\$aunmediated$2rdamedia
=338  \\$avolume$2rdacarrier
=504  \\$aIncludes bibliographical references (p. 88-91).
=610  20$aCentro de Salud del Barrio Península (La Plata, Argentina)
=650  \0$aSex role$zArgentina$zLa Plata Region$vCase studies.
=650  \0$aWomen$xHealth and hygiene$zArgentina$zLa Plata Region$vCase studies.
=650  \0$aHealth promotion$zArgentina$zLa Plata Region$vCase studies.
=852  41$aBritish Library$bHMNTS$jYF.2012.a.29730
=856  41$uhttp://core.cambeiro.com.ar/0-165131-0.pdf
=CAT  \\$a5181$b40$c20120810$lBLL01$h1356
=CAT  \\$a11131$b40$c20121022$lBLL01$h0944
=FIN  \\$aY$d20121022
=FMT  \\$a  BK
=LAS  \\$a11131$b40$c20121022$lBLL01$h0944
=SID  \\$aZ39$bLOC

