=LDR  01707 am a2200481 a 4500
=001  016145581
=003  Uk
=005  20121127112512.0
=008  110906s2011\\\\ag\\\\\\\b\\\\000\0aspa\d
=010  \\$a  2011438473
=020  \\$z9789507543241
=035  \\$a(AR-BaFGC)0-163052/0
=040  \\$aAR-BaFGC$cAR-BaFGC$dDLC$dUk
=041  1\$aspa$hfre
=042  \\$aukblderived
=043  \\$as-ag---
=050  00$aHV9582.5.A46$bA3 2011
=082  00$a365/.45092$aB$223
=100  1\$aAmbort, Gladys.
=240  10$aBrisée.$lSpanish
=245  10$aAlgo se quebró en mí :$bde cómo terminó mi adolescencia en una celda de castigo : relato de una presa política bajo la dictadura cívico-militar argentina /$cGladys Ambort.
=250  \\$a1a ed.
=260  \\$aBuenos Aires :$bPeña Lillo, Ediciones Continente,$c[2011]
=300  \\$a158 p. ;$c23 cm.
=336  \\$atext$2rdacontent
=337  \\$aunmediated$2rdamedia
=338  \\$avolume$2rdacarrier
=504  \\$aIncludes bibliographical references.
=600  10$aAmbort, Gladys.
=650  \0$aPolitical prisoners$zArgentina$vBiography.
=650  \0$aWomen political prisoners$zArgentina$vBiography.
=650  \0$aPolitical persecution$zArgentina$xHistory$y20th century.
=651  \0$aArgentina$xPolitics and government$y1955-1983.
=690  7\$aSocial Welfare$2blcoll
=852  41$aBritish Library$bHMNTS$jYF.2012.a.33191
=856  41$uhttp://core.cambeiro.com.ar/0-163052-0.pdf
=CAT  \\$a5181$b40$c20120810$lBLL01$h1426
=CAT  \\$a11131$b40$c20121127$lBLL01$h1125
=CAT  \\$aBATCH-SWP$c20121207$lBLL01$h2354
=FIN  \\$aY$d20121127
=FMT  \\$a  BK
=LAS  \\$aBATCH-SWP$b00$c20121207$lBLL01$h2354
=SRC  \\$aBLL02

