=LDR  02089 am a22004817a 4500
=001  016145587
=003  Uk
=005  20130926114846.0
=008  110429s2011\\\\ag\a\\\\\b\\\\000\0\spa\d
=020  \\$a9789508631435
=020  \\$a9508631430
=035  \\$a(OCoLC)747315129
=040  \\$aAR-BaFGC$cN15$dMNU$dIQU$dUk
=042  \\$aukblderived
=043  \\$as-ag---
=050  \4$aHQ1236.5.A7$bL57 2011
=100  1\$aLiscia, María Herminia Beatriz di.
=245  10$aVerano del '72, la gran huelga salinera :$bmemorias, género y política /$cMaría Herminia B. Di Liscia, Ana María Lasalle, Paula Lassalle.
=246  3\$aVerano del setenta y dos
=250  \\$a1. ed.
=260  \\$a[Santa Rosa, La Pampa, Argentina] :$bSubsecretaría de Cultura, Ministerio de Cultura y Educación, Gobierno de La Pampa :$bInstituto Interdisciplinario de Estudios de la Mujer :$bEDUNLPam ;$a[Buenos Aires?] :$bMiño y Dávila Editores,$c2011.
=300  \\$a191 p. :$bill. ;$c23 cm.
=336  \\$atext$2rdacontent
=337  \\$aunmediated$2rdamedia
=338  \\$avolume$2rdacarrier
=504  \\$aIncludes bibliographical references (p. 181-190).
=650  \0$aWomen$xPolitical activity$zArgentina$zLa Pampa (Province)$xHistory$y20th century.
=650  \0$aStrikes and lockouts$zArgentina$zLa Pampa (Province)$xHistory$y20th century.
=650  \0$aSalt workers$xPolitical activity$zArgentina$zLa Pampa (Province)$xHistory$y20th century.
=650  \0$aWomen$zArgentina$zLa Pampa (Province)$xSocial conditions$y20th century.
=650  \0$aWomen$zArgentina$zLa Pampa (Province)$vInterviews.
=700  1\$aLassalle, Ana María.
=700  1\$aLassalle, Paula.
=852  41$aBritish Library$bHMNTS$jYF.2013.a.18546
=856  41$uhttp://core.cambeiro.com.ar/0-162024-0.pdf
=CAT  \\$a5181$b40$c20120810$lBLL01$h1430
=CAT  \\$a10904$b40$c20130430$lBLL01$h1130
=CAT  \\$a12181$b40$c20130926$lBLL01$h1148
=CAT  \\$aBATCH-UPD$b40$c20130930$lBLL01$h0831
=FIN  \\$aY$d20130430
=FMT  \\$a  BK
=LAS  \\$aBATCH-UPD$b40$c20130930$lBLL01$h0831
=SID  \\$aZ39$bOCLC

