=LDR  01481 am a2200421 a 4500
=001  016145592
=003  Uk
=005  20150518083514.0
=008  121010s2011\\\\ag\\\\\\\b\\\\000\0\spa\d
=010  \\$a  2012519329
=020  \\$a9789871678082
=035  \\$a(AR-BaFGC)0-162929/0
=040  \\$aAR-BaFGC$cAR-BaFGC$dDLC$dUk
=042  \\$aukblcatcopy
=043  \\$as-ag---
=050  00$aF2924$b.F47 2011
=100  1\$aFerrari, Jorge Luis.
=245  13$aEl 9 de Junio de 1956 en La Pampa :$blos hechos, las interpretaciones, los testimonios /$cJorge Luis Ferrari.
=246  3\$aNueve de Junio de mil novecientos cincuenta y seis en La Pampa
=250  \\$a1. ed.
=260  \\$aCiudad Autónoma de Buenos Aires :$bEdiciones Biebel,$cc2011.
=300  \\$a247 pages ;$c23 cm.
=336  \\$atext$2rdacontent
=337  \\$aunmediated$2rdamedia
=338  \\$avolume$2rdacarrier
=504  \\$aIncludes bibliographical references.
=651  \0$aLa Pampa (Argentina : Province)$xHistory$y20th century.
=651  \0$aArgentina$xHistory$yPeronist Revolt, 1956.
=651  \0$aArgentina$xArmed Forces$xPolitical activity.
=852  41$aBritish Library$bHMNTS$jYF.2015.a.9803
=856  41$uhttp://core.cambeiro.com.ar/0-162929-0.pdf
=CAT  \\$a5181$b40$c20120810$lBLL01$h1434
=CAT  \\$a5703$b40$c20150518$lBLL01$h0835
=CAT  \\$aWR14_128$c20160226$lBLL01$h1626
=FIN  \\$aY$d20150518
=FMT  \\$a  BK
=LAS  \\$aWR14_128$b00$c20160226$lBLL01$h1626
=SRC  \\$aBLL02

