=LDR  01510 am a22004214a 4500
=001  016145596
=003  Uk
=005  20121030075241.0
=008  110926s2011\\\\ag\\\\\\\b\\\\000\0bspa\d
=010  \\$a2011438585
=020  \\$z9789870251644
=035  \\$a(AR-BaFGC)0-162905/0
=040  \\$aAR-BaFGC$cAR-BaFGC$dDLC$dUk
=042  \\$aukblderived
=043  \\$as-ag---$as------
=050  00$aF2845.M7663$bG37 2011
=100  1\$aGarín, Javier A.,$d1964-
=245  13$aEl discípulo del diablo :$bvida de Monteagudo, idéologo de la unión sudamericana /$cJavier A. Garín.
=260  \\$aBuenos Aires :$bEditorial Dunken,$c2011.
=300  \\$a300 p. ;$c23 cm.
=336  \\$atext$2rdacontent
=337  \\$aunmediated$2rdamedia
=338  \\$avolume$2rdacarrier
=504  \\$aIncludes bibliographical references (p. [299]-300).
=600  10$aMonteagudo, Bernardo,$d1789-1825.
=650  \0$aRevolutionaries$zSouth America$vBiography.
=650  \0$aRevolutionaries$zArgentina$vBiography.
=651  \0$aArgentina$xHistory$yWar of Independence, 1810-1817.
=651  \0$aSouth America$xHistory$yWars of Independence, 1806-1830.
=852  41$aBritish Library$bHMNTS$jYF.2012.a.30754
=856  41$uhttp://core.cambeiro.com.ar/0-162905-0.pdf
=CAT  \\$a5181$b40$c20120810$lBLL01$h1435
=CAT  \\$a11002$b40$c20121030$lBLL01$h0752
=CAT  \\$aBATCH-UPD$b40$c20150518$lBLL01$h2021
=FIN  \\$aY$d20121030
=FMT  \\$a  BK
=LAS  \\$aBATCH-UPD$b40$c20150518$lBLL01$h2021
=SID  \\$aZ39$bLOC

