=LDR  01391 am a2200421 a 4500
=001  016145605
=003  Uk
=005  20121030081815.0
=008  110926s2011\\\\ag\ab\\\\b\\\\000\0\spa\d
=010  \\$a  2011438554
=020  \\$a9789876281157
=035  \\$a(AR-BaFGC)0-154942/7
=040  \\$aAR-BaFGC$cAR-BaFGC$dDLC$dUk
=042  \\$aukblderived
=043  \\$as-ag---
=050  00$aG155.A7$bP37 2011
=100  1\$aPastoriza, Elisa.
=245  13$aLa conquista de las vacaciones :$bbreve historia del turismo en la Argentina /$cElisa Pastoriza.
=250  \\$a1. ed.
=260  \\$aBuenos Aires :$bEdhasa,$c2011.
=300  \\$a293 p. :$bill., maps ;$c20 cm.
=336  \\$atext$2rdacontent
=337  \\$aunmediated$2rdamedia
=338  \\$avolume$2rdacarrier
=490  0\$aTemas de la Argentina
=490  0\$aTemas del siglo XX
=504  \\$aIncludes bibliographical references (p. 259-274).
=650  \0$aTourism$zArgentina$xHistory.
=650  \0$aTourism$zArgentina$zMar del Plata$xHistory$y20th century.
=650  \0$aTourism$xSocial aspects$zArgentina$xHistory.
=852  41$aBritish Library$bHMNTS$jYF.2012.a.30751
=856  41$uhttp://core.cambeiro.com.ar/0-154942-7.pdf
=CAT  \\$a5181$b40$c20120810$lBLL01$h1440
=CAT  \\$a11002$b40$c20121030$lBLL01$h0818
=FIN  \\$aY$d20121030
=FMT  \\$a  BK
=LAS  \\$a11002$b40$c20121030$lBLL01$h0818
=SRC  \\$aBLL02

