=LDR  01507 am a2200397 a 4500
=001  016145614
=003  Uk
=005  20130104135926.0
=008  120105s2011\\\\ag\a\\\\\b\\\\000\0\spa\d
=010  \\$a2011438897
=020  \\$a9789871304905
=035  \\$a(AR-BaFGC)0-164458/1
=040  \\$aAR-BaFGC$cAR-BaFGC$dDLC$dUk
=042  \\$aukblderived
=043  \\$as-ag---
=050  00$aJC599.A7$bA45 2011
=100  1\$aAlonso, Luciano P. J.,$d1962-
=245  10$aLuchas en plazas vacías de sueños :$bmovimiento de derechos humanos, orden local y acción antisistémica en Santa Fe /$cLuciano Alonso.
=260  \\$aRosario [Argentina] :$bProhistoria Ediciones,$c2011.
=300  \\$a275 p. :$bill. ;$c21 cm.
=336  \\$atext$2rdacontent
=337  \\$aunmediated$2rdamedia
=338  \\$avolume$2rdacarrier
=490  0\$aColección Las ramas del sauce ;$v1
=500  \\$aOriginally presented as the author's thesis (Master)--Universidad Nacional del Litoral, 2006.
=504  \\$aIncludes bibliographical references.
=650  \0$aHuman rights movements$zArgentina$zSanta Fe$xHistory$y20th century.
=650  \0$aHuman rights movements$zArgentina$zSanta Fe$xHistory$y21st century.
=852  41$aBritish Library$bHMNTS$jYF.2013.a.329
=856  41$uhttp://core.cambeiro.com.ar/0-164458-1.pdf
=CAT  \\$a5181$b40$c20120810$lBLL01$h1446
=CAT  \\$a11002$b40$c20130104$lBLL01$h1359
=FIN  \\$aY$d20130104
=FMT  \\$a  BK
=LAS  \\$a11002$b40$c20130104$lBLL01$h1359
=SID  \\$aZ39$bLOC

