=LDR  01432 am a2200433 a 4500
=001  016145615
=003  Uk
=005  20121030104011.0
=008  120123s2011\\\\ag\\\\\\\b\\\\000\0dspa\d
=010  \\$a2011438986
=020  \\$a9789500206358
=035  \\$a(AR-BaFGC)0-164423/0
=040  \\$aAR-BaFGC$cAR-BaFGC$dDLC$dUk
=042  \\$aukblderived
=043  \\$an-us---$as-ag---
=050  00$aE183.8.A7$bB67 2011
=100  1\$aBosoer, Fabián.
=245  10$aBraden o Perón :$bla historia oculta /$cFabián Bosoer.
=250  \\$a1a ed.
=260  \\$aBuenos Aires :$bEditorial El Ateneo,$c2011.
=300  \\$a285 p. ;$c23 cm.
=336  \\$atext$2rdacontent
=337  \\$aunmediated$2rdamedia
=338  \\$avolume$2rdacarrier
=504  \\$aIncludes bibliographical references.
=600  10$aBraden, Spruille,$d1894-
=600  10$aPerón, Juan Domingo,$d1895-1974.
=651  \0$aUnited States$xForeign relations$zArgentina.
=651  \0$aArgentina$xForeign relations$zUnited States.
=651  \0$aArgentina$xPolitics and government$y1943-1955.
=852  41$aBritish Library$bHMNTS$jYF.2012.a.30681
=856  41$uhttp://core.cambeiro.com.ar/0-164423-0.pdf
=CAT  \\$a5181$b40$c20120810$lBLL01$h1449
=CAT  \\$a11002$b40$c20121030$lBLL01$h1040
=CAT  \\$aBATCH-UPD$b40$c20130815$lBLL01$h2317
=FIN  \\$aY$d20121030
=FMT  \\$a  BK
=LAS  \\$aBATCH-UPD$b40$c20130815$lBLL01$h2317
=SID  \\$aZ39$bLOC

