=LDR  01589 am a22004094a 4500
=001  016145618
=003  Uk
=005  20121127130159.0
=008  110901s2011\\\\ag\a\\\\\b\\\\001\0dspa\d
=010  \\$a2011438460
=020  \\$a9789500735940
=035  \\$a(AR-BaFGC)0-101003/69
=040  \\$aAR-BaFGC$cAR-BaFGC$dDLC$dUk
=042  \\$aukblderived
=043  \\$as-ag---
=050  00$aF2849.2$b.E45 2011
=100  1\$aEliaschev, Pepe,$d1945-2014.
=245  14$aLos hombres del juicio :$bpor primera vez los jueces y el fiscal que condenaron a los ex comandantes cuentan la historia íntima del acontecimiento que cambió a la Argentina para siempre /$cPepe Eliaschev.
=260  \\$aBuenos Aires :$bSudamericana,$cc2011.
=300  \\$a531 p. :$bill. (some col.) ;$c23 cm.
=336  \\$atext$2rdacontent
=337  \\$aunmediated$2rdamedia
=338  \\$avolume$2rdacarrier
=504  \\$aIncludes bibliographical references and index.
=650  \0$aHuman rights$zArgentina$xHistory$y20th century.
=650  \0$aTrials (Political crimes and offenses)$zArgentina$xHistory$y20th century.
=651  \0$aArgentina$xPolitics and government$y1955-1983.
=651  \0$aArgentina$xPolitics and government$y1983-2002.
=852  41$aBritish Library$bHMNTS$jYF.2012.a.33260
=856  41$uhttp://core.cambeiro.com.ar/0-101003-69.pdf
=CAT  \\$a5181$b40$c20120810$lBLL01$h1451
=CAT  \\$a11131$b40$c20121127$lBLL01$h1302
=CAT  \\$aBATCH-UPD$b40$c20141120$lBLL01$h2124
=FIN  \\$aY$d20121127
=FMT  \\$a  BK
=LAS  \\$aBATCH-UPD$b40$c20141120$lBLL01$h2124
=SID  \\$aZ39$bLOC

