=LDR  01292 am a22003857a 4500
=001  016145624
=003  Uk
=005  20121030075904.0
=008  120127s2011\\\\ag\a\\\\\b\\\\000\0\spa\d
=020  \\$a9789870249771
=020  \\$a9870249779
=035  \\$a(OCoLC)798213371
=040  \\$aAR-BaFGC$cN15$dOCLCO$dNYP$dUk
=042  \\$aukblderived
=043  \\$as-ag---
=050  \4$aNX531.Z9$bM63 2011
=100  1\$aDe Dios de Martina, Ángeles,$d1938-
=245  10$aAndrea Moch :$bandanzas de una artista /$cAngeles de Dios de Martina.
=260  \\$aBuenos Aires :$bEditorial Dunken,$c2011.
=300  \\$a344 p. :$bill. (some col.) ;$c23 cm.
=336  \\$atext$2rdacontent
=337  \\$aunmediated$2rdamedia
=338  \\$avolume$2rdacarrier
=504  \\$aIncludes bibliographical references.
=600  10$aMoch, Andréa,$d1879-1953.
=650  \0$aWomen artists$zArgentina$y20th century$vBiography.
=650  \0$aAuthors, French$zArgentina$y20th century$vBiography.
=852  41$aBritish Library$bHMNTS$jYF.2012.a.30769
=856  41$uhttp://core.cambeiro.com.ar/0-162376-0.pdf
=CAT  \\$a5181$b40$c20120810$lBLL01$h1455
=CAT  \\$a11002$b40$c20121030$lBLL01$h0759
=FIN  \\$aY$d20121030
=FMT  \\$a  BK
=LAS  \\$a11002$b40$c20121030$lBLL01$h0759
=SID  \\$aZ39$bOCLC

