=LDR  01412 am a2200397 a 4500
=001  016145633
=003  Uk
=005  20121205145251.0
=008  120105s2011\\\\ag\ab\\\\b\\\\000\0\spa\d
=010  \\$a  2011438916
=020  \\$a9789871304899
=035  \\$a(AR-BaFGC)0-164458/3
=040  \\$aAR-BaFGC$cAR-BaFGC$dDLC$dUk
=042  \\$aukblderived
=043  \\$as-ag---
=050  00$aHV9960.A72$bR67 2011
=100  1\$aPiazzi, Carolina A.$q(Carolina Andrea)
=245  10$aJusticia criminal y cárceles en Rosario :$bsegunda mitad del siglo XIX /$cCarolina Andrea Piazzi.
=260  \\$aRosario [Argentina] :$bProhistoria Ediciones,$c2011.
=300  \\$a125 p. :$bill., maps ;$c22 cm.
=336  \\$atext$2rdacontent
=337  \\$aunmediated$2rdamedia
=338  \\$avolume$2rdacarrier
=490  0\$aColección Las ramas del sauce ;$v3
=504  \\$aIncludes bibliographcial references.
=650  \0$aCriminal justice, Administration of$zArgentina$zRosario (Santa Fe)$xHistory.
=650  \0$aPrisons$zArgentina$zRosario (Santa Fe)$xHistory.
=852  41$aBritish Library$bHMNTS$jYF.2012.a.33629
=856  41$uhttp://core.cambeiro.com.ar/0-164458-3.pdf
=CAT  \\$a5181$b40$c20120810$lBLL01$h1458
=CAT  \\$a11002$b40$c20121030$lBLL01$h0834
=CAT  \\$a6066$b40$c20121205$lBLL01$h1452
=FIN  \\$aY$d20121030
=FMT  \\$a  BK
=LAS  \\$a6066$b40$c20121205$lBLL01$h1452
=SID  \\$aZ39$bLOC

