=LDR  01463 am a2200397 a 4500
=001  016151082
=003  Uk
=005  20140110180601.0
=008  120417s2012\\\\ag\\\\\\\b\\\\000\0\spa\d
=020  \\$a9789500519915 (paperback)
=020  \\$a9500519917 (paperback)
=035  \\$a(OCoLC)798213240
=040  \\$aAR-BaFGC$cN15$dOCLCO$dUk
=043  \\$acl-----
=050  \4$aPQ7082.N7$bC74 2012
=100  1\$aCrespo, Natalia,$eauthor.
=245  10$aParodias al canon :$breescrituras en la literatura hispánica contemporánea : 1975-2000 /$cNatalia Crespo.
=260  \\$aBs. As. [i. e. Buenos Aires] :$bCorregidor,$c[2012]
=300  \\$a233 pages ;$c20 cm.
=336  \\$atext$2rdacontent
=337  \\$aunmediated$2rdamedia
=338  \\$avolume$2rdacarrier
=490  1\$aNueva crítica hispanoamericana
=500  \\$aOriginally presented as the author's thesis (doctoral)--University of Illinois at Urbana-Champaign, 2007.
=504  \\$aIncludes bibliographical references.
=650  \0$aSpanish American fiction$y20th century$xHistory and criticism.
=650  \0$aParody in literature.
=830  \0$aNueva crítica hispanoamericana.
=852  41$aBritish Library$bHMNTS$jYF.2014.a.973
=856  41$uhttp://core.cambeiro.com.ar/0-122116-41.pdf
=CAT  \\$a8197$b40$c20120820$lBLL01$h1605
=CAT  \\$a11342$b40$c20140110$lBLL01$h1806
=FIN  \\$aY$d20140110
=FMT  \\$a  BK
=LAS  \\$a11342$b40$c20140110$lBLL01$h1806
=SID  \\$aZ39$bOCLC

