=LDR  05952 am a22005297a 4500
=001  016165531
=003  Uk
=005  20120907085709.0
=008  111012s2011\\\\ag\a\\\\\b\\\\100\0\spa\d
=020  \\$a9789871489305
=020  \\$a9871489307
=035  \\$a(OCoLC)764559254
=040  \\$aAR-BaFGC$beng$cN15$dMNU$dOCLCO$dIXA$dEMU
=043  \\$acl-----
=050  \4$aHQ1460.5$b.J67 2011
=050  \4$aHQ1460.5$b.J64 2010
=111  2\$aJornada Interna y Panel Abierto sobre Feminismo, (Pos) Colonialidad y Hegemonía : Descolonizando el Feminismo Occidental desde y en América Latina$n(1st :$d2010 :$cUniversidad Nacional de General San Martín. Instituto de Altos Estudios Sociales)
=245  10$aFeminismos y poscolonialidad :$bdescolonizando el feminismo desde y en América Latina /$cKarina Bidaseca y Vanesa Vazquez Laba (comps.).
=250  \\$aNueva ed.
=260  \\$aBuenos Aires :$bEdiciones Godot,$c2011.
=300  \\$a480 p. :$bill. ;$c21 cm.
=336  \\$atext$2rdacontent
=337  \\$aunmediated$2rdamedia
=338  \\$avolume$2rdacarrier
=490  1\$aColección Crítica
=500  \\$aThe first Jornada Interna y Panel Abierto sobre Feminismo, (Pos) Colonialidad y Hegemonía : Descolonizando el Feminismo Occidental desde y en América Latina was held Oct. 29, 2010, at the Instituto de Altos Estudios Sociales, Universidad Nacional de General San Martín.
=500  \\$a"La I Jornada Interna y Panel abierto sobre Feminismo, (Pos) Colonialidad y Hegemonía. Descolonizando el feminismo occidental desde y en América Latina fue organizada conjuntamente por el Programa 'Poscolonialidad, Pensamiento Fronterizo y Transfronterizo en los Estudios Feministas' del IDAES, dirigido por Karina Bidaseca, y el Grupo Latinoamericano de Estudios, Formación y Acción Feministas (GLEFAS), coordinado por Yuderkys Espinosa Miñoso."--P. 7.
=500  \\$aErrata statement on t.p. verso.
=504  \\$aIncludes bibliographical references (p. 443-478).
=505  0\$a1. Género y colonialidad : en busca de claves de lectura y de un vocabulario estratégico descolonial / por Rita Laura Segato -- El régimen heterosexual y la nación : aportes del lesbianismo feminista a la antropología / por Ochy Curiel -- Mujeres blancas buscando salvar a las mujeres color café de los hombres color café : o reflexiones sobre desigualdad y colonialismo jurídico desde el feminismo poscolonial / por Karina Bidaseca -- El idioma silenciado / por Liliana Ancalao -- Mujer Mapuche : explotación colonial sobre el territorio corporal / por Moira Millán -- Feminismos al borde : Ciudad Juárez y la "pesadilla" del feminismo hegemónico / por Maribel Núñez Rodríguez -- Entre la negación y la aceptación : políticas de sexualidad sobre los cuerpos de las mujeres negras / por Katsí Yari Rodríguez Velázquez -- Estudios de género y conflictos sociales armados / por Carolina María Gómez Fonseca -- Colonialidad y dependencia en los estudios de género y sexualidad en América Latina : el caso de Argentina, Brasil, Uruguay y Chile / por Yuderkys Espinosa Miñoso y Rosario Castelli -- Reflexiones sobre la negritud femenina latinoamericana : las voces de las mujeres afrodescendientes en Ciudad de Buenos Aires / por Karina Bidaseca ... [et al.] -- La organización del trabajo doméstico y de cuidados no remunerados en mujeres migrantes procedentes de Bolivia : posibles lecturas desde el feminismo poscolonial / por María Gabriela Pombo -- La Casita de Chapa : prostitución estatal de YPF / por Ana A. Contreras Huayquillán -- Economía y cuidado : retos para un feminismo decolonial / por Natalia Quiroga Díaz --.
=505  0\$aMujer-indígena-urbana : entre el hacer y el decir, el territorio y la ciudad / por Ana Mariel Weinstock -- La cultura como espacio de enunciación y agencia : una lectura de la participación de las mujeres indígenas en los Encuentros Nacionales de Mujeres / por María Silvana Sciortino -- El poder judicial como reproductor de subalternizaciones : prácticas y representaciones en torno a la mujer indígena/interculturalidad / por Leticia Virosta -- Una experiencia de comunicación y salud para mujeres indígenas / por Ianina Lois -- Mujeres indígenas y campesinas frente a las instituciones político-estatales / por Andrea Ivanna Gigena -- Feminismo e indigenismo : recuperando las voces de las mujeres andinas en el noroeste argentino / por Karina Bidaseca y Vanesa Vazquez Laba -- Cuando toco el kultrún : tras la escritura etnográfica / por Laura Zapata -- Recursos naturales y recursos humanos : raza, género y rebelión en la poesía de Nicolás Guillén / por Ana María Vara -- La construcción de la identidad femenina en la narrativa de Gioconda Belli : La mujer habitada (1988) y Sofía de los presagios (1990) / por Diana Lucía Ochoa López -- Consideraciones sobre los feminismos en América Latina : producción teórica y prácticas comunicacionales en la red / por Valeria Fernández Hasan.
=650  \0$aFeminism$zLatin America$vCongresses.
=650  \0$aPostcolonialism$zLatin America$vCongresses.
=650  \0$aDecolonization$zLatin America$vCongresses.
=650  \0$aWomen$zLatin America$xSocial conditions$vCongresses.
=700  1\$aBidaseca, Karina.
=700  1\$aVazquez Laba, Vanesa.
=700  1\$aEspinosa Miñoso, Yuderkys.
=710  2\$aUniversidad Nacional de General San Martín.$bPrograma Poscolonialidad, Pensamiento Fronterizo y Transfronterizo en los Estudios Feministas.
=710  2\$aGrupo Latinoamericano de Estudios, Formación y Acción Feministas.
=830  \0$aColección Crítica (Ediciones Godot)
=852  41$aBritish Library$bHMNTS$jYF.2012.a.25274
=856  41$uhttp://core.cambeiro.com.ar/0-153983-4.pdf
=CAT  \\$a11131$b40$c20120907$lBLL01$h0857
=FMT  \\$a  BK
=LAS  \\$a11131$b40$c20120907$lBLL01$h0857
=SID  \\$aZ39$bOCLC

