=LDR  01888 am a22004817a 4500
=001  016170063
=003  Uk
=005  20140623072753.0
=008  120817s2012\\\\ag\a\\\\\b\\\\000\0\spa\d
=010  \\$a  2012377853
=020  \\$a9789871421572
=035  \\$a(AR-BaFGC)0-162773/4
=040  \\$aAR-BaFGC$cAR-BaFGC$dDLC$dUk
=042  \\$aukblderived
=043  \\$alsfk---$as-ag---
=050  00$aF3031.5$b.I97 2012
=245  03$aLa izquierda y la guerra de Malvinas /$cAdolfo Gilly, Alan Woods, Alberto Bonnet.
=260  \\$aBuenos Aires :$bEdiciones ryr,$cc2012.
=300  \\$a271 p. :$bill. ;$c17 cm.
=336  \\$atext$2rdacontent
=337  \\$aunmediated$2rdamedia
=338  \\$avolume$2rdacarrier
=490  0\$aBiblioteca militante
=490  0\$aColección Historia argentina ;$v5
=504  \\$aIncludes bibliographical references.
=505  0\$aLas Malvinas, una guerra del capital / Adolfo Gilly -- Las Malvinas : el socialismo, la guerra y la cuestión nacional / Alan Woods -- la guerra de Malvinas, la izquierda y la cuestión nacional / Alberto Bonnet.
=650  \0$aFalkland Islands War, 1982$xPublic opinion.
=650  \0$aPublic opinion$zArgentina$xHistory.
=650  \0$aSocialists$zArgentina$xAttitudes.
=650  \0$aCommunists$zArgentina$xAttitudes.
=650  \0$aNationalism$zArgentina.
=700  12$aGilly, Adolfo.$tMalvinas, una guerra de capital.
=700  12$aWoods, Alan.$tMalvinas.
=700  12$aBonnet, Alberto.$tGuerra de Mavlinas, la izquierda y la cuestión nacional.
=852  41$aBritish Library$bHMNTS$jYF.2014.a.14973
=856  41$uhttp://core.cambeiro.com.ar/0-162773-4.pdf
=CAT  \\$a5181$b40$c20120913$lBLL01$h1521
=CAT  \\$aBATCH-UPD$b40$c20120913$lBLL01$h1521
=CAT  \\$a11002$b40$c20140623$lBLL01$h0727
=FIN  \\$aY$d20140623
=FMT  \\$a  BK
=LAS  \\$a11002$b40$c20140623$lBLL01$h0727
=SRC  \\$aBLL02

