=LDR  01580 am a22004337a 4500
=001  016173514
=003  Uk
=005  20140821091011.0
=008  111003s2011\\\\ag\a\\\\\b\\\\000\0\spa\d
=010  \\$a  2011438631
=020  \\$z9789872333188
=035  \\$a(AR-BaFGC)0-154795/9
=040  \\$aAR-BaFGC$cAR-BaFGC$dDLC$dUk
=042  \\$aukblderived
=043  \\$as-ag---
=050  00$aF3001.15$b.S39 2011
=245  03$aLa Semana Trágica y los talleres Vasena :$barqueología de un conflicto social /$cAna Igareta y Daniel Schávelzon, compiladores.
=260  \\$a[Argentina] :$bAsociación del Personal de los Organismos de Control,$cc2011.
=300  \\$a187 p. :$bill. ;$c20 cm.
=336  \\$atext$2rdacontent
=337  \\$aunmediated$2rdamedia
=338  \\$avolume$2rdacarrier
=490  0\$aColección Educar al soberano ;$v9
=504  \\$aIncludes bibliographical references (p. 183-187).
=610  20$aTalleres de Pedro Vasena e Hijos$xHistory.
=650  \0$aExcavations (Archaeology)$zArgentina$zBuenos Aires.
=651  \0$aBuenos Aires (Argentina)$xAntiquities.
=651  \0$aGeneral Strike, Buenos Aires, Argentina, 1919.
=700  1\$aIgareta, Ana.
=700  1\$aSchávelzon, Daniel.
=852  41$aBritish Library$bHMNTS$jYF.2014.a.18702
=856  41$uhttp://core.cambeiro.com.ar/0-154795-9.pdf
=CAT  \\$a9518$b40$c20120919$lBLL01$h1100
=CAT  \\$aBATCH-UPD$b40$c20120919$lBLL01$h1100
=CAT  \\$a11002$b40$c20140821$lBLL01$h0910
=FIN  \\$aY$d20140821
=FMT  \\$a  BK
=LAS  \\$a11002$b40$c20140821$lBLL01$h0910
=SRC  \\$aBLL02

