=LDR  02437 am a2200577 a 4500
=001  016173549
=003  Uk
=005  20140623075601.0
=008  110913s2011\\\\ag\a\\\\\b\\\\000\0\spa\c
=020  \\$a9789871725052
=020  \\$a9871725051
=035  \\$a(OCoLC)763335562
=040  \\$aAR-BaFGC$beng$cN15$dTOZ$dIXA$dOCLCA$dUk
=042  \\$aukblderived
=043  \\$as-ag---
=050  \4$aF2821$b.F36 2011
=050  \4$aF2821.1.I54$bF36 2011
=245  03$aEl Familiar :$bdel Ingenio La Esperanza al Museo de La Plata /$cColectivo GUIAS, Grupo Universitario de Investigación en Antropología Social ; [composed by] Fernando Miguel Pepe ... [et al.]. ; prólogo, Marcelo Valko.
=246  3\$aEl Familiar :$bdel Ingenio La Esperanza al Museo de La Plata
=250  \\$a1. ed.
=260  \\$aLa Plata [Argentina] :$bDe la Campana,$c2011.
=300  \\$a111 p. :$bill. ;$c17 x 24 cm.
=336  \\$atext$2rdacontent
=337  \\$aunmediated$2rdamedia
=338  \\$avolume$2rdacarrier
=490  1\$aCampana de palo
=504  \\$aIncludes bibliographical references (p. 108-110).
=600  10$aLehmann-Nitsche, Robert,$d1872-1938.
=600  10$aBruch, Carlos.
=610  20$aMuseo de La Plata$xEthnological collections.
=650  \0$aIndians of South America$zArgentina$zIngenio La Esperanza$vPortraits.
=650  \0$aIndians of South America$zGran Chaco$vPortraits.
=650  \0$aPhotography in anthropology$xMoral and ethical aspects$zArgentina$zLa Plata.
=650  \0$aEthnological expeditions$zArgentina$zIngenio La Esperanza.
=650  \0$aEthnological museums and collections$zArgentina$zLa Plata.
=650  \0$aHuman remains (Archaeology)$zArgentina$zLa Plata.
=650  \0$aMuseums$xCollection management$xMoral and ethical aspects$zArgentina$zLa Plata.
=650  \0$aFamiliars (Spirits)
=651  \0$aIngenio La Esperanza (Argentina)
=700  1\$aPepe, Fernando Miguel.
=710  2\$aUniversidad Nacional de La Plata.$bGrupo Universitario de Investigación en Antropología Social.
=830  \0$aColección Campana de palo.
=852  41$aBritish Library$bHMNTS$jLF.31.a.4662
=856  41$uhttp://core.cambeiro.com.ar/0-55734-32.pdf
=CAT  \\$a9518$b40$c20120919$lBLL01$h1127
=CAT  \\$aBATCH-UPD$b40$c20120919$lBLL01$h1128
=CAT  \\$a11002$b40$c20140623$lBLL01$h0756
=FIN  \\$aY$d20140623
=FMT  \\$a  BK
=LAS  \\$a11002$b40$c20140623$lBLL01$h0756
=SID  \\$aZ39$bOCLC

