=LDR  01649 am a2200445 a 4500
=001  016173560
=003  Uk
=005  20210415232001.0
=008  130801s2011\\\\ag\\\\\\\b\\\\000\0dspa\d
=010  \\$a  2012516175
=020  \\$a9789871280186
=035  \\$a(AR-BaFGC)0-132954/5
=040  \\$aAR-BaFGC$cAR-BaFGC$dDLC$dUk
=042  \\$aukblcatcopy
=043  \\$as-pe---
=050  00$aGN345.2$b.R36 2011
=100  1\$aRamos, Alejandra$c(Editor of Los estudios andinos hoy),$eauthor.
=245  13$aLa etnohistoria andina antes de su consolidación :$bconfluencias disciplinares y propuestas teórico-metodológicas /$cAlejandra Ramos.
=260  \\$aBuenos Aires :$bSociedad Argentina de Antropología,$cc2011.
=300  \\$a175 p. ;$c21 cm.
=336  \\$atext$2rdacontent
=337  \\$aunmediated$2rdamedia
=338  \\$avolume$2rdacarrier
=490  0\$aColección Tesis de Licenciatura
=500  \\$aOriginally presented as the author's thesis (licenciate)--Universidad de Buenos Aires, 2010.
=504  \\$aIncludes bibliographical references (p. [163]-175).
=600  10$aMurra, John V.
=600  10$aRowe, John Howland,$d1918-2004.
=650  \0$aEthnohistory$zPeru.
=650  \0$aAnthropology and history$zPeru.
=852  41$aBritish Library$bHMNTS$jYF.2014.a.18659
=856  41$uhttp://core.cambeiro.com.ar/0-132954-5.pdf
=CAT  \\$a9518$b40$c20120919$lBLL01$h1133
=CAT  \\$aBATCH-UPD$b40$c20120919$lBLL01$h1134
=CAT  \\$a11002$b40$c20140821$lBLL01$h0827
=CAT  \\$a11342$b40$c20210415$lBLL01$h2320
=FIN  \\$aY$d20140821
=FMT  \\$a  BK
=LAS  \\$a11342$b40$c20210415$lBLL01$h2320
=SRC  \\$aBLL02

