=LDR  01734 am a22004697a 4500
=001  016173574
=003  Uk
=005  20140516140416.0
=008  120302s2011\\\\ag\a\\\\\b\\\\000\0\spa\d
=020  \\$a9789502318493
=020  \\$a9502318498
=035  \\$a(OCoLC)793328342
=040  \\$aAR-BaFGC$cN15$dOCLCO$dUk
=042  \\$aukblderived
=043  \\$as-ag---
=050  \4$aNA834.5$b.C56 2011
=100  1\$aCiocchini, Héctor.
=245  13$aEl palacio de la memoria :$bhipótesis sobre la simbología de la ornamentación en la residencia del General Urquiza /$cHéctor Ciocchini, Graciela Blanco y Laura De Carli.
=250  \\$a1. ed.
=260  \\$aCiudad de Aires :$bEudeba,$c2011.
=300  \\$a414 p. :$bill. ;$c24 cm.
=336  \\$atext$2rdacontent
=337  \\$aunmediated$2rdamedia
=338  \\$avolume$2rdacarrier
=504  \\$aIncludes bibliographical references (p. [403]-414).
=600  10$aUrquiza, Justo José de,$d1801-1870.
=610  20$aPalacio San José, Museo y Monumento Nacional Justo José de Urquiza.
=650  \0$aHistoric buildings$zArgentina$zEntre Ríos.
=650  \0$aSymbolism in architecture$zArgentina$zPalacio San José.
=650  \0$aFreemasonry$zArgentina$xHistory$y19th century.
=700  1\$aBlanco, Graciela.
=700  1\$aDe Carli, Laura.
=852  41$aBritish Library$bHMNTS$jYF.2014.a.12163
=856  41$uhttp://core.cambeiro.com.ar/0-164845-0.pdf
=CAT  \\$a9518$b40$c20120919$lBLL01$h1140
=CAT  \\$a11002$b40$c20140516$lBLL01$h1404
=CAT  \\$aBATCH-UPD$b40$c20150314$lBLL01$h1801
=CAT  \\$aBATCH-UPD$b40$c20171130$lBLL01$h2355
=FIN  \\$aY$d20140516
=FMT  \\$a  BK
=LAS  \\$aBATCH-UPD$b40$c20171130$lBLL01$h2355
=SID  \\$aZ39$bOCLC

