=LDR  01427 am a22003974a 4500
=001  016173598
=003  Uk
=005  20140519132452.0
=008  110929s2011\\\\ag\a\\\\\b\\\\000\0\spa\d
=010  \\$a  2011438628
=020  \\$a9789500519496
=035  \\$a(AR-BaFGC)0-144217/4
=040  \\$aAR-BaFGC$cAR-BaFGC$dDLC$dUk
=042  \\$aukblderived
=043  \\$as-ag---
=050  00$aJL2098.C73$bM85 2011
=100  1\$aMuiño, Oscar.
=245  14$aLos días de la Coordinadora :$bpolítica, ideas, medios y sociedad : 1968-1983 /$cOscar Muiño.
=260  \\$aBs. As. [i.e. Buenos Aires] :$bCorregidor,$cc2011.
=300  \\$a542 p. :$bill. ;$c23 cm.
=336  \\$atext$2rdacontent
=337  \\$aunmediated$2rdamedia
=338  \\$avolume$2rdacarrier
=490  0\$aFuentes para la historia política argentina
=500  \\$a"Ediciones IML"--Cover p. 1.
=504  \\$aIncludes bibliographical references (p. 527-542).
=610  20$aJunta Coordinadora Nacional de la Juventud Radical (Argentina)$xHistory$y20th century$vSources.
=651  \0$aArgentina$xPolitics and government$y1955-1983$vSources.
=852  41$aBritish Library$bHMNTS$jYF.2014.a.11919
=856  41$uhttp://core.cambeiro.com.ar/0-144217-4.pdf
=CAT  \\$a9518$b40$c20120919$lBLL01$h1202
=CAT  \\$a10904$b40$c20140519$lBLL01$h1324
=FIN  \\$aY$d20140519
=FMT  \\$a  BK
=LAS  \\$a10904$b40$c20140519$lBLL01$h1324
=SID  \\$aZ39$bLOC

