=LDR  01429 am a2200409 a 4500
=001  016173607
=003  Uk
=005  20140516114959.0
=008  111229s2011\\\\ag\a\\\\\b\\\\001\0\spa\d
=010  \\$a  2011438898
=020  \\$a9789871304844
=020  \\$a9871304846
=035  \\$a(OCoLC)780968555
=040  \\$aAR-BaFGC$beng$cDLC$dUk
=042  \\$aukblderived
=043  \\$as-ag---
=050  00$aAM34.A73$bL853 2011
=100  1\$aBlasco, María Élida.
=245  13$aUn museo para la colonia :$bel Museo Histórico y Colonial de Luján, 1918-1930 /$cMaría Elida Blasco.
=260  \\$aRosario :$bProhistoria Ediciones,$c2011.
=300  \\$a249 p. :$bill. ;$c23 cm.
=336  \\$atext$2rdacontent
=337  \\$aunmediated$2rdamedia
=338  \\$avolume$2rdacarrier
=490  0\$aColección Historia de la ciencia ;$v5
=504  \\$aIncludes bibliographical references (p. [221]-244) and index.
=610  20$aMuseo Histórico y Colonial de Luján (Argentina)$xHistory.
=650  \0$aHistorical museums$zArgentina$zLuján (Buenos Aires)
=852  41$aBritish Library$bHMNTS$jYF.2014.a.11895
=856  41$uhttp://core.cambeiro.com.ar/0-155621-5.pdf
=CAT  \\$a9518$b40$c20120919$lBLL01$h1216
=CAT  \\$aBATCH-UPD$b40$c20120919$lBLL01$h1216
=CAT  \\$a11131$b40$c20140516$lBLL01$h1149
=FIN  \\$aY$d20140516
=FMT  \\$a  BK
=LAS  \\$a11131$b40$c20140516$lBLL01$h1149
=SID  \\$aZ39$bOCLC

