=LDR  02042 am a2200421 i 4500
=001  016173765
=003  Uk
=005  20121127115402.0
=008  120302s2011\\\\ag\a\\\\\b\\\\000\0\spa\\
=010  \\$a2012439790
=020  \\$a9789875582224
=020  \\$a9875582220
=035  \\$a(OCoLC)793328431
=040  \\$aDLC$beng$cDLC$dN15$dOCLCO$dUk$erda
=042  \\$aukblcatcopy
=043  \\$acl-----
=050  00$aML3797$b.I58 2011
=245  00$aInvestigación musicológica :$bcinco estudios de caso /$cDiana Fernández Calvo (compiladora).
=250  \\$afirst edition.
=264  \1$aBernal :$bUniversidad Nacional de Quilmes Editorial,$c2011.
=300  \\$a180 pages :$billustrations ;$c22 cm.
=336  \\$atext$2rdacontent
=337  \\$aunmediated$2rdamedia
=338  \\$avolume$2rdacarrier
=490  0\$aMúsica y ciencia
=504  \\$aIncludes bibliographical references.
=505  0\$aLa integración de enfoques metodológicos en el estudio del tango italiano / Enrique Cámara de Landa -- El análisis de tablaturas como herramienta para el estudio de los instrumentos de cuerda pulsada en el siglo XVI : el caso de Luis Milán / Antonio Corona Alcalde -- Proyecto de investigación interdisciplinar sostenido por el soporte de un sistema digital de información / Diana Fernández Calvo, Roxana Gardes de Fernandez -- Escuchar y escribir : las músicas de Tierra del Fuego en los relatos de viajeros, misioneros y científicos / Miguel A. García -- El triángulo de las Américas : un caso musicológico sospechosamente evanescente / Luis Antonio Rojas Roldán.
=650  \0$aMusicology.
=650  \0$aEthnomusicology.
=700  1\$aFernández Calvo, Diana,$eeditor of compilation.
=852  41$aBritish Library$bHMNTS$jYF.2012.a.33037
=856  41$uhttp://core.cambeiro.com.ar/0-150807-2.pdf
=CAT  \\$a9518$b40$c20120919$lBLL01$h1515
=CAT  \\$a11131$b40$c20121127$lBLL01$h1154
=FIN  \\$aY$d20121127
=FMT  \\$a  BK
=LAS  \\$a11131$b40$c20121127$lBLL01$h1154
=SID  \\$aZ39$bOCLC

