=LDR  01784 am a2200409 a 4500
=001  016173802
=003  Uk
=005  20121127112034.0
=008  120217s2011\\\\ag\\\\\\\\\\\\000\0dspa\d
=020  \\$a9789876143219
=020  \\$a9876143212
=035  \\$a(OCoLC)793328411$z(OCoLC)759908024$z(OCoLC)793328412
=040  \\$aAR-BaFGC$cN15$dBTCTA$dYDXCP$dBDX$dEMU$dPL#$dI5B$dUk
=042  \\$aukblderived
=050  \4$aPQ7797.G253$bZ55 2011
=100  10$aCatena, Alberto,$d1941-
=245  13$aLa flecha y la luciérnaga :$bitinerarios de un viaje por la obra de Griselda Gambaro /$cAlberto Catena.
=250  \\$a1a ed.
=260  \\$aBuenos Aires, Argentina :$bCapital Intelectual,$cc2011.
=300  \\$a244 p. ;$c21 cm.
=336  \\$atext$2rdacontent
=337  \\$aunmediated$2rdamedia
=338  \\$avolume$2rdacarrier
=490  1\$aHacedores
=505  0\$aIntroducción -- Trayectos -- Conversaciones -- Miradas -- Una historia maravillosa / por Laura Yusem -- Griselda y yo / por Bernardo Carey -- Los territorios ampliados / por Mauricio Kartun -- La ética que no claudica / por Ana Seaone -- Un faro, como Discépolo / por Patricia Zangaro -- Mi querida / por Rubén Szuchmacher -- El hada de las migajas / por Ricardo Ibarlucia.
=600  10$aGambaro, Griselda$xCriticism and interpretation.
=600  10$aGambaro, Griselda$vInterviews.
=830  \0$aHacedores (Capital Intelectual (Firm))
=852  41$aBritish Library$bHMNTS$jYF.2012.a.33250
=856  41$uhttp://core.cambeiro.com.ar/0-161086-2.pdf
=CAT  \\$a9518$b40$c20120919$lBLL01$h1554
=CAT  \\$a11131$b40$c20121127$lBLL01$h1120
=CAT  \\$aBATCH-UPD$b40$c20160306$lBLL01$h2132
=FIN  \\$aY$d20121127
=FMT  \\$a  BK
=LAS  \\$aBATCH-UPD$b40$c20160306$lBLL01$h2132
=SID  \\$aZ39$bOCLC

