=LDR  02136 am a22005417a 4500
=001  016174116
=003  Uk
=005  20160213074717.0
=008  120806s2012\\\\ag\a\\\\\b\\\\100\0\spa\d
=020  \\$a9789872570637
=020  \\$a9872570639
=035  \\$a(OCoLC)813226734
=040  \\$aAR-BaFGC$beng$cN15$dOCLCQ$dOCLCO$dCGU$dUk
=041  1\$aspa$hpor
=042  \\$aukblderived
=043  \\$as-ag---$as-bl---
=050  \4$aHT169.A74$bG73 2012
=245  00$aGrandes proyectos urbanos :$bmiradas críticas sobre la experiencia argentina y brasileña /$cBeatríz Cuenya, Pedro Novais, Carlos Vainer, compiladores.
=260  \\$a[Buenos Aires?] :$bEditorial Café de las Ciudades,$c[2012]
=300  \\$a380 p. :$bill. ;$c20 cm.
=336  \\$atext$2rdacontent
=337  \\$aunmediated$2rdamedia
=338  \\$avolume$2rdacarrier
=490  1\$aColección Planeamiento
=504  \\$aIncludes bibliographical references.
=546  \\$aTexts in Spanish; half of the articles has been originally written in Portuguese.
=650  \0$aCity planning$zArgentina$vCongresses.
=650  \0$aCity planning$zBrazil$vCongresses.
=650  \0$aUrban policy$zArgentina$vCongresses.
=650  \0$aUrban policy$zBrazil$vCongresses.
=700  1\$aCuenya, Beatriz.
=700  1\$aNovais, Pedro.
=700  1\$aVainer, Carlos B.
=710  2\$aLatin American Studies Association.$bInternational Congress.$n(28th :$d2009 :$cRio de Janeiro, Brazil)
=710  2\$aInternational Sociological Association.$bResearch Comittee on Sociology of Urban and Regional Development.
=830  \0$aColección Planeamiento.
=852  41$aBritish Library$bHMNTS$jYF.2016.a.4250
=856  41$uhttp://core.cambeiro.com.ar/0-166798-1.pdf
=CAT  \\$a9701$b40$c20120920$lBLL01$h1345
=CAT  \\$a10904$b40$c20130430$lBLL01$h1126
=CAT  \\$aBATCH-UPD$b40$c20150521$lBLL01$h2018
=CAT  \\$a10904$b40$c20160213$lBLL01$h0746
=CAT  \\$a10904$b40$c20160213$lBLL01$h0747
=CAT  \\$aBATCH-UPD$b40$c20160213$lBLL01$h0748
=FIN  \\$aY$d20160213
=FMT  \\$a  BK
=LAS  \\$aBATCH-UPD$b40$c20160213$lBLL01$h0748
=SID  \\$aZ39$bOCLC

