=LDR  01561 am a22004337a 4500
=001  016174121
=003  Uk
=005  20130104100217.0
=008  120113s2011\\\\ag\\\\\\\b\\\\000\0\spa\d
=020  \\$a9789875633193
=020  \\$a9875633194
=035  \\$a(OCoLC)793328363
=040  \\$aAR-BaFGC$cN15$dNYP$dPIT$dOCLCO$dUk
=042  \\$aukblderived
=050  \4$aPQ7797.B635$bZ75 2011
=100  1\$aMagaril, Nicolás,$d1978-
=245  10$aBorges lector :$bde Whitman y Nietzsche /$cNicolás Magaril, Sergio Sánchez.
=260  \\$aCórdoba, República Argentina :$bEdiciones del Copista,$c2011.
=300  \\$a123 p. ;$c21 cm.
=336  \\$atext$2rdacontent
=337  \\$aunmediated$2rdamedia
=338  \\$avolume$2rdacarrier
=490  1\$aColección Fénix ;$vv. 67
=504  \\$aIncludes bilbiographical references.
=600  10$aBorges, Jorge Luis,$d1899-1986$xCriticism and interpretation.
=600  10$aWhitman, Walt,$d1819-1892$xInfluence.
=600  10$aNietzsche, Friedrich Wilhelm,$d1844-1900$xInfluence.
=650  \0$aPhilosophy in literature.
=700  12$aMagaril, Nicolás,$d1978-$tBorges & Withman.
=700  12$aSánchez, Sergio,$d1962-$tCrítica del estilo enfático.
=830  \0$aColección Fénix.
=852  41$aBritish Library$bHMNTS$jYF.2013.a.357
=856  41$uhttp://core.cambeiro.com.ar/0-68141-49.pdf
=CAT  \\$a9701$b40$c20120920$lBLL01$h1348
=CAT  \\$a11002$b40$c20130104$lBLL01$h1002
=FIN  \\$aY$d20130104
=FMT  \\$a  BK
=LAS  \\$a11002$b40$c20130104$lBLL01$h1002
=SID  \\$aZ39$bOCLC

