=LDR  01641 am a2200481 a 4500
=001  016174369
=003  Uk
=005  20121127125545.0
=008  110930s2011\\\\ag\a\\\\\b\\\\001\0dspa\d
=010  \\$a  2011438606
=020  \\$a9789879940945
=035  \\$a(AR-BaFGC)0-163748/0
=040  \\$aAR-BaFGC$cAR-BaFGC$dDLC$dUk
=042  \\$aukblderived
=043  \\$as-ag---
=050  00$aCS289.A2$bC57 2011
=082  00$a929/.20982$223
=100  1\$aCloppet, Ignacio Martín.
=245  10$aEva Duarte y Juan Perón, la cuna materna :$bPerón y Evita descienden de conquistadores : el parentesco de Borges y Perón /$cIgnacio Martín Cloppet.
=250  \\$a1. ed.
=260  \\$aBuenos Aires :$bAlfar Editora,$cc2011.
=300  \\$a190 p. :$bill. ;$c23 cm.
=336  \\$atext$2rdacontent
=337  \\$aunmediated$2rdamedia
=338  \\$avolume$2rdacarrier
=504  \\$aIncludes bibliographical references (p. [167]-170) and index.
=600  30$aSousa family.
=600  30$aToledo family.
=600  30$aIbarguren family.
=600  30$aNúñez family.
=600  10$aPerón, Juan Domingo,$d1895-1974$xFamily.
=600  10$aPerón, Eva,$d1919-1952$xFamily.
=600  10$aBorges, Jorge Luis,$d1899-1986$xFamily.
=651  \0$aArgentina$vGenealogy.
=852  41$aBritish Library$bHMNTS$jYF.2012.a.33259
=856  41$uhttp://core.cambeiro.com.ar/0-163748-0.pdf
=CAT  \\$a9701$b40$c20120921$lBLL01$h1030
=CAT  \\$a11131$b40$c20121127$lBLL01$h1255
=CAT  \\$aBATCH-UPD$b40$c20130815$lBLL01$h2317
=FIN  \\$aY$d20121127
=FMT  \\$a  BK
=LAS  \\$aBATCH-UPD$b40$c20130815$lBLL01$h2317
=SRC  \\$aBLL02

