=LDR  01899 am a22004457a 4500
=001  016174381
=003  Uk
=005  20121127134544.0
=008  101115s2010\\\\ag\\\\\\\b\\\\000\0\spa\d
=010  \\$a2010504141
=020  \\$a9789872454913
=020  \\$a9872454914
=035  \\$a(OCoLC)707333061
=040  \\$aEYM$cEYM$dIUL$dUk
=042  \\$aukblderived
=043  \\$as-ag---
=050  00$aHN270.R67$bC66 2010
=245  03$aEl contenido de los conflictos :$bformas de la lucha sociopolítica en la historia argentina reciente, 1966-1996 /$cLaura Pasquali, Oscar Videla, compiladores.
=260  \\$a[Argentina] :$bLa Quinta Pata & Camino :$bSección Historia, Instituto Superior del Profesorado No. 3,$c2010.
=300  \\$a208 p. ;$c21 cm.
=336  \\$atext$2rdacontent
=337  \\$aunmediated$2rdamedia
=338  \\$avolume$2rdacarrier
=504  \\$aIncludes bibliographical references (p. [197]-205).
=650  \0$aPolitical violence$zArgentina$zRosario (Santa Fe)$xHistory$y20th century.
=650  \0$aWorking class$xPolitical activity$zArgentina$zSanta Fe (Province)$xHistory$y20th century.
=650  \0$aIron and steel workers$xLabor unions$zArgentina$zSanta Fe (Province)$xHistory$y20th century.
=650  \0$aWorking class$xPolitical activity$zArgentina$zBuenos Aires (Province)$xHistory$y20th century.
=650  \0$aIron and steel workers$xLabor unions$zArgentina$zBuenos Aires (Province)$xHistory$y20th century.
=700  1\$aPasquali, Laura.
=700  1\$aVidela, Oscar R.$q(Oscar Rubén).
=852  41$aBritish Library$bHMNTS$jYF.2012.a.33197
=856  41$uhttp://core.cambeiro.com.ar/0-160456-0.pdf
=CAT  \\$a9701$b40$c20120921$lBLL01$h1042
=CAT  \\$a11131$b40$c20121127$lBLL01$h1345
=CAT  \\$aBATCH-UPD$b40$c20181013$lBLL01$h1749
=FIN  \\$aY$d20121127
=FMT  \\$a  BK
=LAS  \\$aBATCH-UPD$b40$c20181013$lBLL01$h1749
=SID  \\$aZ39$bOCLC

