=LDR  01779 am a22004217a 4500
=001  016174400
=003  Uk
=005  20130425113249.0
=008  111102s2011\\\\ag\ab\\\\b\\\\100\0\spa\d
=020  \\$a9789871326594
=020  \\$z9871326599
=035  \\$a(OCoLC)773259586
=040  \\$aAR-BaFGC$cN15$dCGU$dOCLCO$dUk
=042  \\$aukblderived
=043  \\$alsfk---$as-ag---$ae-uk---
=050  \4$aF3031.5$b.C66 2010
=111  2\$aCongreso Latinoamericano "Malvinas, una Causa de la Patria Grande"$n(1st :$d2010 :$cUniversidad Nacional de Lanús)
=245  10$aPrimer Congreso Latinoamericano "Malvinas, una causa de la patria grande" /$c[autores, Ana Jaramillo ... et al. ; edición, Roberto Bardini].
=260  \\$aRemedios de Escalada, Lanús, Provincia de Buenos Aires, Argentina? :$bEdita y distribuye EDUNLA Cooperativa,$c[2011?]
=300  \\$a235 p. :$bill., map ;$c23 cm.
=336  \\$atext$2rdacontent
=337  \\$aunmediated$2rdamedia
=338  \\$avolume$2rdacarrier
=490  1\$aColección Observatorio Malvinas
=504  \\$aIncludes bibliographical references.
=650  \0$aFalkland Islands War, 1982$vCongresses.
=700  1\$aBardini, Roberto,$d1948-
=710  2\$aUniversidad Nacional de Lanús.$bPrograma de Investigación y Desarrollos Pedagógicos del Observatorio Malvinas de la Universidad Nacional de Lanús.
=830  \0$aColección Observatorio Malvinas.
=852  41$aBritish Library$bHMNTS$jYF.2013.a.7906
=856  41$uhttp://core.cambeiro.com.ar/0-164273-1.pdf
=CAT  \\$a9701$b40$c20120921$lBLL01$h1105
=CAT  \\$a11131$b40$c20130425$lBLL01$h1132
=CAT  \\$aBATCH-UPD$b40$c20170406$lBLL01$h2033
=FIN  \\$aY$d20130425
=FMT  \\$a  BK
=LAS  \\$aBATCH-UPD$b40$c20170406$lBLL01$h2033
=SID  \\$aZ39$bOCLC

