=LDR  01686 am a22004454a 4500
=001  016185505
=003  Uk
=005  20130926095510.0
=008  110914s2011\\\\ag\\\\\\\b\\\\001\0\spa\d
=010  \\$a2011438673
=020  \\$a9789871305650 (obra completa)
=020  \\$a9789871305636 (volumen 1)
=020  \\$a9789871305643 (volumen 2)
=035  \\$a(AR-BaFGC)0-87860/49
=040  \\$aAR-BaFGC$cAR-BaFGC$dDLC$dUk
=042  \\$aukblderived
=043  \\$acl-----
=050  00$aZ1601.A2$bG46 2011
=100  1\$aGeoghegan, Abel Rodolfo.
=245  10$aFuentes de información de América Latina :$brepertorio selectivo y anotado de enciclopedias, diccionarios, bibliografías, repertorios bibliográficos, catálogos, guías, anuarios, índices, bases de datos, etc. : 1964-2008 /$cAbel Rodolfo Geoghegan ; con la colaboración de Donald L. Sturgeon.
=250  \\$a1a ed.
=260  \\$aBuenos Aires :$bAlfagrama Ediciones,$c2011.
=300  \\$a2 v. ;$c29 cm.
=336  \\$atext$2rdacontent
=337  \\$aunmediated$2rdamedia
=338  \\$avolume$2rdacarrier
=490  0\$aBiblioteca Alfagrama
=500  \\$aIncludes index.
=505  0\$avol. 1. Tablas sistemáticas 0-7 -- vol. 2. Tablas sistemáticas 8-9.
=651  \0$aLatin America$vBibliography.
=651  \0$aLatin America$vBibliography of bibliographies.
=700  1\$aSturgeon, Donald L.
=852  41$aBritish Library$bHMNTS$jYF.2013.b.1332
=856  41$uhttp://core.cambeiro.com.ar/0-87860-49.pdf
=CAT  \\$a9701$b40$c20121009$lBLL01$h1352
=CAT  \\$a5512$b40$c20130926$lBLL01$h0955
=FIN  \\$aY$d20130926
=FMT  \\$a  BK
=LAS  \\$a5512$b40$c20130926$lBLL01$h0955
=SID  \\$aZ39$bLOC

