=LDR  01245 am a2200361 a 4500
=001  016187587
=003  Uk
=005  20150706110120.0
=008  121018s2012\\\\ag\a\\\\\\\\\f000\0\spa\d
=010  \\$a  2012519391
=020  \\$a9789876042864
=035  \\$a(AR-BaFGC)0-167708/0
=040  \\$aAR-BaFGC$cAR-BaFGC$dDLC$dUk
=042  \\$aukblcatcopy
=043  \\$alsfk---$as-ag---
=050  00$aF3031.5$b.S255 2012
=100  1\$aSánchez, María Isabel,$d1985-
=245  10$aMalvinas 30 años /$cMaría Isabel Sánchez, fotografía.
=260  \\$aNeuquén, Argentina :$bEditorial de la Universidad Nacional del Comahue,$cc2012.
=300  \\$a126 pages :$billustrations ;$c23 cm
=336  \\$atext$2rdacontent
=337  \\$aunmediated$2rdamedia
=338  \\$avolume$2rdacarrier
=650  \0$aFalkland Islands War, 1982$xVeterans$zArgentina$zNeuquén (Province)$vPortraits.
=852  41$aBritish Library$bHMNTS$jYF.2015.a.12879
=856  41$uhttp://core.cambeiro.com.ar/0-167708-0.pdf
=CAT  \\$a9701$b40$c20121010$lBLL01$h1046
=CAT  \\$a5703$b40$c20150706$lBLL01$h1101
=CAT  \\$aWR14_128$c20160226$lBLL01$h1626
=FIN  \\$aY$d20150706
=FMT  \\$a  BK
=LAS  \\$aWR14_128$b00$c20160226$lBLL01$h1626
=SRC  \\$aBLL02

