=LDR  01053 am a2200361 a 4500
=001  016187654
=003  Uk
=005  20130104094518.0
=008  120307s2011\\\\ag\\\\\\\\\\\\001\0dspa\d
=010  \\$a2012377119
=020  \\$a9789870420309
=035  \\$a(AR-BaFGC)0-165599/1
=040  \\$aAR-BaFGC$cAR-BaFGC$dDLC$dUk
=042  \\$aukblderived
=050  00$aPN1048$b.B35 2011
=100  1\$aBellessi, Diana,$d1946-
=245  13$aLa pequeña voz del mundo /$cDiana Bellessi.
=260  \\$a[Buenos Aires] :$bTaurus,$cc2011.
=300  \\$a143 p. ;$c22 cm.
=336  \\$atext$2rdacontent
=337  \\$aunmediated$2rdamedia
=338  \\$avolume$2rdacarrier
=490  0\$aPensamiento
=500  \\$aIncludes index.
=650  \0$aPoetics.
=852  41$aBritish Library$bHMNTS$jYF.2013.a.360
=856  41$uhttp://core.cambeiro.com.ar/0-165599-1.pdf
=CAT  \\$a9518$b40$c20121010$lBLL01$h1146
=CAT  \\$a11002$b40$c20130104$lBLL01$h0945
=FIN  \\$aY$d20130104
=FMT  \\$a  BK
=LAS  \\$a11002$b40$c20130104$lBLL01$h0945
=SID  \\$aZ39$bLOC

