=LDR  01230 am a22003854a 4500
=001  016187665
=003  Uk
=005  20140519105138.0
=008  101125s2010\\\\ag\a\\\\\b\\\\000\0\spa\d
=010  \\$a  2010504200
=020  \\$a9789879108833
=035  \\$a(AR-BaFGC)0-159895/2
=040  \\$aAR-BaFGC$cAR-BaFGC$dDLC$dUk
=042  \\$aukblcatcopy
=050  00$aPQ7798.17.I26$bZ553 2010
=100  1\$aChejfec, Sergio.
=245  10$aSobre Gianuzzi /$cSergio Chejfec.
=260  \\$aBuenos Aires :$bBajo la Luna,$cc2010.
=300  \\$a63 p. :$bill. ;$c22 cm.
=336  \\$atext$2rdacontent
=337  \\$aunmediated$2rdamedia
=338  \\$avolume$2rdacarrier
=490  0\$aEnsayo ;$v2
=504  \\$aIncludes bibliographical references.
=600  10$aGiannuzzi, Joaquín O.$xCriticism and interpretation.
=852  41$aBritish Library$bHMNTS$jYF.2014.a.12080
=856  41$uhttp://core.cambeiro.com.ar/0-159895-2.pdf
=CAT  \\$a9518$b40$c20121010$lBLL01$h1153
=CAT  \\$a11002$b40$c20140519$lBLL01$h1051
=CAT  \\$aBATCH-UPD$b40$c20150308$lBLL01$h2207
=CAT  \\$aBATCH-UPD$b40$c20151030$lBLL01$h2049
=FIN  \\$aY$d20140519
=FMT  \\$a  BK
=LAS  \\$aBATCH-UPD$b40$c20151030$lBLL01$h2049
=SRC  \\$aBLL02

