=LDR  01243 am a22003854a 4500
=001  016187685
=003  Uk
=005  20130104095756.0
=008  111018s2011\\\\ag\\\\\\\b\\\\000\0\spa\d
=010  \\$a2011438718
=020  \\$a9789505578757
=035  \\$a(AR-BaFGC)0-78041/6
=040  \\$aAR-BaFGC$cAR-BaFGC$dDLC$dUk
=042  \\$aukblderived
=043  \\$as-ag---
=050  00$aPQ7671$b.G46 2011
=100  1\$aGenovese, Alicia,$d1953-
=245  10$aLeer poesía :$blo leve, lo grave, lo opaco /$cAlicia Genovese.
=250  \\$a1. ed.
=260  \\$aBuenos Aires :$bFondo de Cultura Económica,$c2011.
=300  \\$a165 p. ;$c21 cm.
=336  \\$atext$2rdacontent
=337  \\$aunmediated$2rdamedia
=338  \\$avolume$2rdacarrier
=490  0\$aSección de obras de lengua y estudios literarios
=504  \\$aIncludes bibliographical references.
=650  \0$aArgentine poetry$y20th century$xHistory and criticism.
=852  41$aBritish Library$bHMNTS$jYF.2013.a.358
=856  41$uhttp://core.cambeiro.com.ar/0-78041-6.pdf
=CAT  \\$a9518$b40$c20121010$lBLL01$h1205
=CAT  \\$a11002$b40$c20130104$lBLL01$h0957
=FIN  \\$aY$d20130104
=FMT  \\$a  BK
=LAS  \\$a11002$b40$c20130104$lBLL01$h0957
=SID  \\$aZ39$bLOC

