=LDR  01264 am a2200397 a 4500
=001  016187754
=003  Uk
=005  20150518102735.0
=008  120420s2012\\\\ag\\\\\\\b\\\\000\0dspa\d
=010  \\$a  2012466296
=020  \\$a9789875633308
=020  \\$a9875633305
=035  \\$a(OCoLC)795896227
=040  \\$aAR-BaFGC$beng$cN15$dOCLCO$dDLC$dOCLCF$dUk
=042  \\$aukblcatcopy
=050  \4$aPN1048$b.H47 2012
=100  1\$aHerrera, Ricardo H.
=245  10$aEn la paz de la página /$cRicardo H. Herrera.
=260  \\$aCórdoba, República Argentina :$bEdiciones del Copista,$cc2012.
=300  \\$a148 p. ;$c24 cm.
=336  \\$atext$2rdacontent
=337  \\$aunmediated$2rdamedia
=338  \\$avolume$2rdacarrier
=490  0\$aColección Fénix ;$vv. 68
=504  \\$aIncludes bibliographical references.
=650  \0$aPoetics.
=650  \7$aPoetics.$2fast$0(OCoLC)fst01067682
=852  41$aBritish Library$bHMNTS$jYF.2015.a.9807
=856  41$uhttp://core.cambeiro.com.ar/0-68141-51.pdf
=CAT  \\$a9518$b40$c20121010$lBLL01$h1354
=CAT  \\$a5703$b40$c20150518$lBLL01$h1027
=CAT  \\$aWR14_128$c20160226$lBLL01$h1626
=FIN  \\$aY$d20150518
=FMT  \\$a  BK
=LAS  \\$aWR14_128$b00$c20160226$lBLL01$h1626
=SID  \\$aZ39$bOCLC

