=LDR  01603 am a2200457 a 4500
=001  016187759
=003  Uk
=005  20150707094302.0
=008  120910s2012\\\\ag\\\\\\\b\\\\001\0\spa\d
=020  \\$a9789871316458
=020  \\$a9871316453
=035  \\$a(OCoLC)819533606
=040  \\$aAR-BaFGC$cN15$dOCLCF$dOCLCO$dUk
=042  \\$aukblderived
=043  \\$as-ag---
=050  \4$aHD9433.A72$bM66 2012
=100  10$aMontoya, Alfredo J.$q(Alfredo Juan)
=245  10$aHistoria de los saladeros argentinos /$cAlfredo J. Montoya.
=260  \\$aBuenos Aires :$bLetemendia Casa Editora,$c2012.
=300  \\$a94 p. ;$c23 cm
=336  \\$atext$2rdacontent
=337  \\$aunmediated$2rdamedia
=338  \\$avolume$2rdacarrier
=500  \\$a1st ed.: Buenos Aires : Editorial Raigal, 1956.
=504  \\$aIncludes bibliographical references and index.
=650  \0$aCorned beef$zArgentina$xHistory.
=650  \0$aMeat industry and trade$zArgentina$xHistory.
=650  \7$aCorned beef.$2fast$0(OCoLC)fst00879431
=650  \7$aMeat industry and trade.$2fast$0(OCoLC)fst01013271
=651  \7$aArgentina.$2fast$0(OCoLC)fst01205614
=655  \7$aHistory.$2fast$0(OCoLC)fst01411628
=852  41$aBritish Library$bHMNTS$jYF.2015.a.13081
=856  41$uhttp://core.cambeiro.com.ar/0-166901-0.pdf
=CAT  \\$a9701$b40$c20121010$lBLL01$h1357
=CAT  \\$a11131$b40$c20150707$lBLL01$h0943
=CAT  \\$aBATCH-UPD$b40$c20150707$lBLL01$h0944
=CAT  \\$aWR14_128$c20160226$lBLL01$h1626
=FIN  \\$aY$d20150707
=FMT  \\$a  BK
=LAS  \\$aWR14_128$b00$c20160226$lBLL01$h1626
=SID  \\$aZ39$bOCLC

