=LDR  01818 am a22004337a 4500
=001  016187797
=003  Uk
=005  20130108112734.0
=008  120507s2012\\\\ag\a\\\\\b\\\\000\0\spa\d
=020  \\$a9789500434409
=020  \\$a9500434407
=035  \\$a(OCoLC)798213379
=040  \\$aAR-BaFGC$cN15$dOCLCO$dPL#$dI5B$dUk
=042  \\$aukblderived
=043  \\$as-ag---
=050  \4$aF2831$b.P46 2012
=100  1\$aPeña, Milcíades.
=245  10$aHistoria del pueblo argentino :$b1500-1955 /$cMilcíades Peña ; estudio preliminar de Horacio Tarcus ; edición al cuidado de Horacio Tarcus y Fernando de Leonardis.
=250  \\$a[Ed. definitiva].
=260  \\$aC.A.B.A. [i.e. Ciudad Autónoma de Buenos Aires] :$bEmecé,$cc2012.
=300  \\$a542 p. :$bill. ;$c23 cm.
=336  \\$atext$2rdacontent
=337  \\$aunmediated$2rdamedia
=338  \\$avolume$2rdacarrier
=500  \\$a"... nueva edición, unificada, corregida, anotada y controlada con los originales del autor...".
=500  \\$aOriginally published; Buenos Aires, Editorial Fichas, in six independent volumes, as follows: La era de Mitre, 1968; De Mitre a Roca, 1968; El paraíso terrateniente, 1969; Antes de Mayo, 1970; Alberdi, Sarmiento, el 90, 1970, Masas, caudillos y élites, 1973.
=504  \\$aIncludes bibliographical references (p. 531-542).
=651  \0$aArgentina$xHistory.
=700  1\$aTarcus, Horacio,$d1955-
=700  1\$aDe Leonardis, Francesco.
=852  41$aBritish Library$bHMNTS$jYF.2013.a.540
=856  41$uhttp://core.cambeiro.com.ar/0-165842-0.pdf
=CAT  \\$a9701$b40$c20121010$lBLL01$h1423
=CAT  \\$a10904$b40$c20130105$lBLL01$h0729
=CAT  \\$a5512$b40$c20130108$lBLL01$h1127
=FIN  \\$aY$d20130105
=FMT  \\$a  BK
=LAS  \\$a5512$b40$c20130108$lBLL01$h1127
=SID  \\$aZ39$bOCLC

