=LDR  01690cam a22004334a 4500
=001  016187825
=003  Uk
=005  20130105065855.0
=008  110404s2010\\\\ag\ab\\\\b\\\\000\0\spa\d
=010  \\$a  2010504550
=020  \\$z9789871432653
=035  \\$a(AR-BaFGC)0-161969/1
=040  \\$aAR-BaFGC$cAR-BaFGC$dDLC$dUk
=042  \\$aukblderived
=043  \\$as-ag---
=050  00$aF2871$b.G89 2010
=100  1\$aGuzmán, Florencia.
=245  14$aLos claroscuros del mestizaje :$bnegros, indios y castas en la Catamarca colonial /$cFlorencia Guzmán.
=250  \\$a1o [sic] ed.
=260  \\$aCórdoba, Argentina :$bEncuentro Grupo Editor ;$a[Catamarca, Argentina] :$bUniversidad Nacional de Catamarca, Facultad de Humanidades,$cc2010.
=300  \\$a233 p. :$bill., maps ;$c24 cm.
=336  \\$atext$2rdacontent
=337  \\$aunmediated$2rdamedia
=338  \\$avolume$2rdacarrier
=490  0\$aColección Génesis ;$v3
=490  0\$aSerie Intercultura, memoria y patrimonio
=504  \\$aIncludes bibliographical references (p. 211-233).
=650  \0$aBlack people$zArgentina$zCatamarca (Province)$xHistory$y18th century.
=650  \0$aIndians of South America$zArgentina$zCatamarca (Province)$xHistory$y18th century.
=651  \0$aCatamarca (Argentina : Province)$xRace relations$xHistory$y18th century.
=852  41$aBritish Library$bHMNTS$jYF.2013.a.334
=856  41$uhttp://core.cambeiro.com.ar/0-161969-1.pdf
=CAT  \\$a9701$b40$c20121010$lBLL01$h1450
=CAT  \\$a10904$b40$c20130105$lBLL01$h0658
=CAT  \\$a11249$b40$c20230131$lBLL01$h1254
=FIN  \\$aY$d20130105
=FMT  \\$a  BK
=LAS  \\$a11249$b40$c20230131$lBLL01$h1254
=SID  \\$aZ39$bLOC

