=LDR  01714 am a2200433 a 4500
=001  016187828
=003  Uk
=005  20130724113749.0
=008  100728s2010\\\\ag\a\\\\\b\\\\000\0\spa\d
=010  \\$a2010423690
=020  \\$a9789872278472
=035  \\$a(AR-BaFGC)0-159215/0
=040  \\$aAR-BaFGC$cAR-BaFGC$dDLC$dUk
=042  \\$aukblcatcopy
=043  \\$asp-----
=050  00$aHD9144.R562$bA75 2010
=100  1\$aArias Divito, Juan Carlos.
=245  10$aDirección General de Tabacos y Naipes del Virreinato del Río de la Plata :$bsu establecimiento : 1778-1781 /$cJuan Carlos Arias Divito.
=260  \\$aBuenos Aires :$bInstituto Bibliográfico "Antonio Zinny",$c2010.
=300  \\$a242 pages :$billustrations ;$c23 cm
=336  \\$atext$2rdacontent
=337  \\$aunmediated$2rdamedia
=338  \\$avolume$2rdacarrier
=504  \\$aIncludes bibliographical references.
=600  10$aSanz, Francisco de Paula,$d-1810$xTravel$zRio de la Plata Region (Argentina and Uruguay)
=610  10$aRío de la Plata (Viceroyalty).$bDirección General de Tabacos y Naipes$xHistory.
=650  \0$aTobacco industry$zRio de la Plata Region (Argentina and Uruguay)$xHistory$y18th century.
=852  41$aBritish Library$bHMNTS$jYF.2013.a.13557
=856  41$uhttp://core.cambeiro.com.ar/0-159215-0.pdf
=CAT  \\$a9701$b40$c20121010$lBLL01$h1452
=CAT  \\$aBATCH-UPD$b40$c20121010$lBLL01$h1453
=CAT  \\$aWR13_070$b00$c20130504$lBLL01$h0340
=CAT  \\$aBATCH-UPD$b00$c20130508$lBLL01$h2119
=CAT  \\$aWR13_070C$c20130611$lBLL01$h1859
=CAT  \\$a5703$b40$c20130724$lBLL01$h1137
=FIN  \\$aY$d20130724
=FMT  \\$a  BK
=LAS  \\$a5703$b40$c20130724$lBLL01$h1137
=SID  \\$aZ39$bLOC

