=LDR  01279 am a2200397 a 4500
=001  016188046
=003  Uk
=005  20130105064944.0
=008  120120s2011\\\\ag\\\\\\\b\\\\000\0\spa\d
=010  \\$a  2012377027
=020  \\$a9789876291569
=035  \\$a(AR-BaFGC)0-164476/1
=040  \\$aAR-BaFGC$cAR-BaFGC$dDLC$dUk
=042  \\$aukblderived
=050  00$aHM621$b.G746 2011
=100  1\$aGrimson, Alejandro.
=245  14$aLos límites de la cultura :$bcrítica de las teorías de la identidad /$cAlejandro Grimson.
=260  \\$aBuenos Aires :$bSiglo Veintiuno Editores,$cc2011.
=300  \\$a266 p. ;$c21 cm.
=336  \\$atext$2rdacontent
=337  \\$aunmediated$2rdamedia
=338  \\$avolume$2rdacarrier
=490  0\$aColección Antropológicas
=504  \\$aIncludes bibliographical references (p. [253]-266).
=650  \0$aCulture.
=650  \0$aCulture and globalization.
=650  \0$aGroup identity.
=650  \0$aMulticulturalism.
=852  41$aBritish Library$bHMNTS$jYF.2013.a.323
=856  41$uhttp://core.cambeiro.com.ar/0-164476-1.pdf
=CAT  \\$a9518$b40$c20121010$lBLL01$h1609
=CAT  \\$a10904$b40$c20130105$lBLL01$h0649
=FIN  \\$aY$d20130105
=FMT  \\$a  BK
=LAS  \\$a10904$b40$c20130105$lBLL01$h0649
=SID  \\$aZ39$bLOC

