=LDR  01491 am a22003974a 4500
=001  016188057
=003  Uk
=005  20121127111738.0
=008  111004s2011\\\\ag\\\\\\\b\\\\000\0\spa\d
=010  \\$a2011438641
=020  \\$a9789504927426
=035  \\$a(AR-BaFGC)0-163784/0
=040  \\$aAR-BaFGC$cAR-BaFGC$dDLC$dUk
=042  \\$aukblderived
=043  \\$as-ag---
=050  00$aF2849.3$b.C366 2011
=100  1\$aCastillo, Christian.
=245  13$aLa izquierda frente a la Argentina kirchnerista :$buna visión alternativa al relato gubernamental y al de los medios opositores /$cChristian Castillo.
=260  \\$aC.A.B.A. [i.e. Ciudad Autónoma de Buenos Aires] :$bPlaneta,$cc2011.
=300  \\$a315 p. ;$c23 cm.
=336  \\$atext$2rdacontent
=337  \\$aunmediated$2rdamedia
=338  \\$avolume$2rdacarrier
=500  \\$aIncludes transcription of the debate "Los intelectuales, kirchnerismo y la Izquierda", held at Universidad de Buenos Aires, 2011.
=504  \\$aIncludes bibliographical references.
=650  \0$aSocialism$zArgentina.
=651  \0$aArgentina$xPolitics and government$y2002-
=740  02$aIntelectuales, kirchnerismo y la izquierda.
=852  41$aBritish Library$bHMNTS$jYF.2012.a.33249
=856  41$uhttp://core.cambeiro.com.ar/0-163784-0.pdf
=CAT  \\$a9518$b40$c20121010$lBLL01$h1619
=CAT  \\$a11131$b40$c20121127$lBLL01$h1117
=FIN  \\$aY$d20121127
=FMT  \\$a  BK
=LAS  \\$a11131$b40$c20121127$lBLL01$h1117
=SID  \\$aZ39$bLOC

