=LDR  01224 am a22003734a 4500
=001  016188058
=003  Uk
=005  20121127120556.0
=008  110901s2011\\\\ag\\\\\\\b\\\\000\0\spa\d
=010  \\$a2011438454
=020  \\$a9789504927174
=035  \\$a(AR-BaFGC)0-163366/0
=040  \\$aAR-BaFGC$cAR-BaFGC$dDLC$dUk
=042  \\$aukblderived
=043  \\$as-ag---
=050  00$aF2849.3$b.F68 2011
=100  1\$aForster, Ricardo,$d1957-
=245  13$aEl litigio por la democracia :$bla Argentina en el tiempo kirchnerista /$cRicardo Forster.
=250  \\$a1a ed.
=260  \\$aC.A.B.A. [i.e. Ciudad Autónoma de Buenos Aires] :$bPlaneta,$cc2011.
=300  \\$a293 p. ;$c23 cm.
=336  \\$atext$2rdacontent
=337  \\$aunmediated$2rdamedia
=338  \\$avolume$2rdacarrier
=504  \\$aIncludes bibliographical references (p. 271-293).
=651  \0$aArgentina$xPolitics and government$y2002-
=852  41$aBritish Library$bHMNTS$jYF.2012.a.33014
=856  41$uhttp://core.cambeiro.com.ar/0-163366-0.pdf
=CAT  \\$a9518$b40$c20121010$lBLL01$h1621
=CAT  \\$a11131$b40$c20121127$lBLL01$h1205
=FIN  \\$aY$d20121127
=FMT  \\$a  BK
=LAS  \\$a11131$b40$c20121127$lBLL01$h1205
=SID  \\$aZ39$bLOC

