=LDR  01177 am a2200373 a 4500
=001  016188059
=003  Uk
=005  20130104090423.0
=008  120423s2011\\\\sp\\\\\\\b\\\\000\0\spa\d
=010  \\$a2012377319
=020  \\$a9789876272698
=035  \\$a(AR-BaFGC)0-164534/0
=040  \\$aAR-BaFGC$cAR-BaFGC$dDLC$dUk
=042  \\$aukblderived
=043  \\$as-ag---
=050  00$aF2849.3$b.G53 2011
=100  1\$aGiardinelli, Mempo,$d1947-
=245  10$aCartas a Cristina :$bapuntes sobre la Argentina que viene /$cMempo Giardinelli.
=250  \\$a1ra ed.
=260  \\$aBarcelona :$bEdiciones B, Grupo Zeta,$cc2011.
=300  \\$a286 p. ;$c23 cm.
=336  \\$atext$2rdacontent
=337  \\$aunmediated$2rdamedia
=338  \\$avolume$2rdacarrier
=504  \\$aIncludes bibliographical references.
=651  \0$aArgentina$xPolitics and government$y2002-
=852  41$aBritish Library$bHMNTS$jYF.2013.a.365
=856  41$uhttp://core.cambeiro.com.ar/0-164534-0.pdf
=CAT  \\$a9518$b40$c20121010$lBLL01$h1622
=CAT  \\$a11002$b40$c20130104$lBLL01$h0904
=FIN  \\$aY$d20130104
=FMT  \\$a  BK
=LAS  \\$a11002$b40$c20130104$lBLL01$h0904
=SID  \\$aZ39$bLOC

