=LDR  01806 am a2200457 a 4500
=001  016188060
=003  Uk
=005  20130104091404.0
=008  111216s2011\\\\ag\\\\\\\b\\\\000\0\spa\d
=010  \\$a2012377030
=020  \\$a9789504927532
=035  \\$a(AR-BaFGC)0-646/137
=040  \\$aAR-BaFGC$cAR-BaFGC$dDLC$dUk
=042  \\$aukblderived
=043  \\$as-ag---
=050  00$aF2849.3$b.L66 2010
=100  10$aLongoni, Matias,$d1968-
=245  10$aFuera de control :$bRicardo Echegaray y su rol en la ONCCA, la Aduana y la AFIP /$cMatías Longoni.
=260  \\$aC.A.B.A. [i.e. Ciudad Autónoma de Buenos Aires] :$bPlaneta,$cc2011.
=300  \\$a337 p. ;$c23 cm.
=336  \\$atext$2rdacontent
=337  \\$aunmediated$2rdamedia
=338  \\$avolume$2rdacarrier
=490  0\$aEspejo de la Argentina
=504  \\$aIncludes bibliographical references (p. 335-336).
=600  10$aEchegaray, Ricardo.
=600  10$aKirchner, Néstor$xFriends and associates.
=610  10$aArgentina.$bOficina Nacional de Control Comercial Agropecuario$xOffficials and employees$xCorrupt practices.
=610  20$aArgentina.$bAdministración General de Aduanas$xOfficials and employees$xCorrupt practices.
=610  10$aArgentina.$bAdministración Federal de Ingresos Públicos$xOfficials and employees$xCorrupt practices.
=651  \0$aArgentina$xPolitics and government$y2002-
=852  41$aBritish Library$bHMNTS$jYF.2013.a.363
=856  41$uhttp://core.cambeiro.com.ar/0-646-137.pdf
=CAT  \\$a9518$b40$c20121010$lBLL01$h1625
=CAT  \\$a11002$b40$c20130104$lBLL01$h0914
=CAT  \\$aBATCH-UPD$b40$c20140903$lBLL01$h1520
=CAT  \\$aBATCH-UPD$b40$c20141009$lBLL01$h2156
=FIN  \\$aY$d20130104
=FMT  \\$a  BK
=LAS  \\$aBATCH-UPD$b40$c20141009$lBLL01$h2156
=SID  \\$aZ39$bLOC

