=LDR  01393 am a2200409 a 4500
=001  016188066
=003  Uk
=005  20130528171430.0
=008  120127s2011\\\\ag\\\\\\\b\\\\000\0\spa\d
=010  \\$a2011439015
=020  \\$a9789871301492
=035  \\$a(AR-BaFGC)0-160876/2
=040  \\$aAR-BaFGC$cAR-BaFGC$dDLC$dUk
=042  \\$aukblderived
=043  \\$as-ag---
=050  00$aHQ76.3.A7$bM44 2010
=100  1\$aMeccia, Ernesto,$d1968-
=245  14$aLos últimos homosexuales :$bsociología de la homosexualidad y la gaycidad /$cErnesto Meccia.
=250  \\$a1a ed.
=260  \\$a[Buenos Aires]: :$bGran Aldea Editores,$cc2011.
=300  \\$a253 p. ;$c23 cm.
=336  \\$atext$2rdacontent
=337  \\$aunmediated$2rdamedia
=338  \\$avolume$2rdacarrier
=490  0\$aColección Sociedad y cultura
=504  \\$aIncludes bibliographical references (p. 239-247).
=650  \0$aGay men$zArgentina$zBuenos Aires$xSocial conditions.
=650  \0$aGay men$zArgentina$zBuenos Aires$xPsychology.
=650  \0$aHomosexuality$zArgentina$zBuenos Aires$xHistory.
=852  41$aBritish Library$bHMNTS$jYF.2013.a.10240
=856  41$uhttp://core.cambeiro.com.ar/0-160876-2.pdf
=CAT  \\$a9518$b40$c20121010$lBLL01$h1630
=CAT  \\$a11002$b40$c20130528$lBLL01$h1714
=FIN  \\$aY$d20130528
=FMT  \\$a  BK
=LAS  \\$a11002$b40$c20130528$lBLL01$h1714
=SID  \\$aZ39$bLOC

