=LDR  01475 am a2200433 a 4500
=001  016188077
=003  Uk
=005  20130104090823.0
=008  120528s2012\\\\ag\\\\\\\b\\\\000\0dspa\d
=010  \\$a2012377500
=020  \\$a9789870422761
=035  \\$a(AR-BaFGC)0-165948/0
=040  \\$aAR-BaFGC$cAR-BaFGC$dDLC$dUk
=042  \\$aukblderived
=043  \\$as-ag---
=050  00$aGV944.A7$bC37 2012
=100  1\$aCastillo, Hernán,$d1973-
=245  10$aTodo pasa :$bfútbol, negocios y política de Videla a los Kirchner /$cHernán Castillo.
=250  \\$a1. ed.
=260  \\$aCiudad de Buenos Aires :$bAguilar,$c2012.
=300  \\$a276 p. ;$c25 cm.
=336  \\$atext$2rdacontent
=337  \\$aunmediated$2rdamedia
=338  \\$avolume$2rdacarrier
=500  \\$a"Biografía no autorizada"--Cover P. 4.
=504  \\$aIncludes bibliographical references (p. 275-276).
=600  10$aGrondona, Julio H.
=610  20$aAsociación de Fútbol Argentino$xHistory.
=650  \0$aSoccer$xEconomic aspects$zArgentina$xHistory.
=650  \0$aSoccer$xPolitical aspects$zArgentina$xHistory.
=852  41$aBritish Library$bHMNTS$jYF.2013.a.5089
=856  41$uhttp://core.cambeiro.com.ar/0-165948-0.pdf
=CAT  \\$a9518$b40$c20121010$lBLL01$h1643
=CAT  \\$a11002$b40$c20130104$lBLL01$h0908
=CAT  \\$aBATCH-UPD$b40$c20171115$lBLL01$h1235
=FIN  \\$aY$d20130104
=FMT  \\$a  BK
=LAS  \\$aBATCH-UPD$b40$c20171115$lBLL01$h1235
=SID  \\$aZ39$bLOC

