=LDR  01422 am a2200385 a 4500
=001  016188082
=003  Uk
=005  20130104092150.0
=008  120426s2011\\\\ag\\\\\\\b\\\\000\0\spa\d
=010  \\$a2012377365
=020  \\$a9789876301039
=035  \\$a(AR-BaFGC)0-158323/2
=040  \\$aAR-BaFGC$cAR-BaFGC$dDLC$dUk
=042  \\$aukblderived
=043  \\$as-ag---
=050  00$aF2849.2$b.C627 2011
=100  1\$aCorreas, Carlos.
=245  13$aLa manía argentina /$cCarlos Correas ; prólogo de José Fraguas ; epílogo de Carlos Surghi.
=260  \\$a[Córdoba, Argentina] :$bEditorial Universidad Nacional de Córdoba ;$aLos Polvorines, Prov. de Buenos Aires, Argentina :$bUniversidad Nacional de General Sarmiento,$c2011.
=300  \\$a137 p. ;$c22 cm.
=336  \\$atext$2rdacontent
=337  \\$aunmediated$2rdamedia
=338  \\$avolume$2rdacarrier
=490  0\$aColección Humanidades
=504  \\$aIncludes bibliographical references.
=650  \0$aIntellectuals$xPolitical activity$zArgentina$xHistory$y20th century.
=651  \0$aArgentina$xPolitics and government$y1955-1983.
=852  41$aBritish Library$bHMNTS$jYF.2013.a.361
=856  41$uhttp://core.cambeiro.com.ar/0-158323-2.pdf
=CAT  \\$a9518$b40$c20121010$lBLL01$h1653
=CAT  \\$a11002$b40$c20130104$lBLL01$h0921
=FIN  \\$aY$d20130104
=FMT  \\$a  BK
=LAS  \\$a11002$b40$c20130104$lBLL01$h0921
=SID  \\$aZ39$bLOC

