=LDR  01537 am a2200433 i 4500
=001  016188091
=003  Uk
=005  20150707093650.0
=008  120416s2012\\\\ag\\\\\\\b\\\\000\0\spa\d
=010  \\$a  2012377348
=015  \\$aGBB587420$2bnb
=020  \\$a9789500738804
=035  \\$a(AR-BaFGC)0-109555/70
=040  \\$aAR-BaFGC$cAR-BaFGC$dDLC$dUk$erda
=042  \\$aukblderived
=043  \\$as-ag---
=050  00$aF2849.2$b.R3805 2012
=100  1\$aReato, Ceferino,$d1961-
=245  10$aDisposición final :$bla confesión de Videla sobre los desaparecidos /$cCeferino Reato.
=260  \\$aBuenos Aires :$bEditorial Sudamericana,$c2012.
=300  \\$a316 pages ;$c23 cm
=336  \\$atext$2rdacontent
=337  \\$aunmediated$2rdamedia
=338  \\$avolume$2rdacarrier
=504  \\$aIncludes bibliographical references (pages 299-313).
=600  10$aVidela, Jorge Rafael,$d1925-2013.
=650  \0$aState-sponsored terrorism$zArgentina$xHistory$y20th century.
=650  \0$aDisappeared persons$zArgentina$xHistory$y20th century.
=651  \0$aArgentina$xPolitics and government$y1955-1983.
=852  41$aBritish Library$bHMNTS$jYF.2015.a.13043
=856  41$uhttp://core.cambeiro.com.ar/0-109555-70.pdf
=CAT  \\$a9518$b40$c20121010$lBLL01$h1702
=CAT  \\$aBATCH-UPD$b40$c20130525$lBLL01$h1841
=CAT  \\$a11131$b40$c20150707$lBLL01$h0936
=CAT  \\$aBATCH-UPD$b40$c20160330$lBLL01$h1627
=FIN  \\$aY$d20150707
=FMT  \\$a  BK
=LAS  \\$aBATCH-UPD$b40$c20160330$lBLL01$h1627
=SID  \\$aZ39$bLOC

