=LDR  01358 am a2200385 a 4500
=001  016194901
=003  Uk
=005  20140516115811.0
=008  120920s2012\\\\ag\af\\\\\\\\\000\0\spa\d
=010  \\$a  2012377954
=020  \\$a9789870258834
=020  \\$a9870258832
=035  \\$a(OCoLC)819532386
=040  \\$aAR-BaFGC$beng$cDLC$dUk
=042  \\$aukblderived
=043  \\$alsfk---$ae-uk---$as-ag---
=050  00$aF3031.5$b.M557 2012
=100  1\$aMinorini Lima, Oscar.
=245  10$aMalvinas, honor y recuerdo imborrables :$bCompañía de Ingenieros 9 : Puerto Argentino, Bahía Fox del Este /$cOscar Minorini Lima.
=260  \\$aBuenos Aires :$bEditorial Dunken,$c2012.
=300  \\$a133 p., [16] of plates :$bill. ;$c23 cm.
=336  \\$atext$2rdacontent
=337  \\$aunmediated$2rdamedia
=338  \\$avolume$2rdacarrier
=610  10$aArgentina.$bEjército.$bCompañía de Ingenieros 9.
=650  \0$aFalkland Islands War, 1982$vPersonal narratives, Argentine.
=852  41$aBritish Library$bHMNTS$jYF.2014.a.11894
=856  41$uhttp://core.cambeiro.com.ar/0-167025-0.pdf
=CAT  \\$a9701$b40$c20121023$lBLL01$h1326
=CAT  \\$a11131$b40$c20140516$lBLL01$h1158
=CAT  \\$aBATCH-UPD$b40$c20140516$lBLL01$h1201
=FIN  \\$aY$d20140516
=FMT  \\$a  BK
=LAS  \\$aBATCH-UPD$b40$c20140516$lBLL01$h1201
=SID  \\$aZ39$bOCLC

