=LDR  02089 am a2200505 i 4500
=001  016196666
=003  Uk
=005  20150514125209.0
=008  110519s2011\\\\ag\ab\\\\b\\\\000\0\spa\d
=010  \\$a  2011438096
=020  \\$a9789871468188
=035  \\$a(AR-BaFGC)0-153663/3
=040  \\$aAR-BaFGC$beng$cAR-BaFGC$dDLC$dUk$erda
=041  0\$aspa$aeng
=042  \\$aukblsr
=043  \\$as-ag---$as-cl---
=050  00$aGA655.T54$bV35 2011
=082  00$a526.0982/76$223
=100  1\$aVairo, Carlos Pedro,$eauthor.
=245  10$aTerra Australis :$bhistoria de la cartografía de = history of the cartography of : Tierra del Fuego, Patagonia & Antartida /$cCarlos Pedro Vairo.
=246  13$aTerra Australis :$bhistoria de la cartografía de = history of the cartography of : Tierra del Fuego, Patagonia & Antarctica
=250  \\$a1. ed. en español e inglés.
=260  \\$aBuenos Aires :$bZagier & Urruty Publications,$c[2011]
=300  \\$a255 pages :$billustrations (black and white, and colour), maps (black and white, and colour) ;$c28 cm.
=336  \\$atext$2rdacontent
=336  \\$astill image$2rdacontent
=337  \\$aunmediated$2rdamedia
=338  \\$avolume$2rdacarrier
=490  0\$aColección Documentos ;$vv. 5
=504  \\$aIncludes bibliographical references (p. 209-210).
=546  \\$aParallel texts in English and Spanish.
=650  \0$aCartography$zTierra del Fuego (Argentina and Chile)$xHistory.
=650  \0$aCartography$zPatagonia (Argentina and Chile)$xHistory.
=651  \0$aTierra del Fuego (Argentina and Chile)$xDiscovery and exploration.
=651  \0$aPatagonia (Argentina and Chile)$xDiscovery and exploration.
=852  11$aBritish Library$bMAPS$jMaps. Ref. M.4.(65)
=856  41$uhttp://core.cambeiro.com.ar/0-153663-3.pdf
=CAT  \\$a01973$b40$c20121024$lBLL01$h1124
=CAT  \\$aBATCH-UPD$b40$c20121024$lBLL01$h1124
=CAT  \\$a9671$b40$c20150514$lBLL01$h1251
=CAT  \\$a9671$b40$c20150514$lBLL01$h1252
=FIN  \\$aY$d20150514
=FMT  \\$a  BK
=LAS  \\$a9671$b40$c20150514$lBLL01$h1252
=SRC  \\$aBLL02

