=LDR  01698 am a2200469 a 4500
=001  016205014
=003  Uk
=005  20140821082930.0
=008  121015s2012\\\\ag\\\\\\\b\\\\000\0\spa\d
=010  \\$a  2012519363
=020  \\$a9789507543791
=035  \\$a(AR-BaFGC)0-167755/0
=040  \\$aAR-BaFGC$cAR-BaFGC$dDLC$dUk
=042  \\$aukblderived
=043  \\$alsfk---$an-us---$as-cl---$ae-fr---$as-pe---
=050  00$aF3031.5$b.M647 2012
=100  1\$aMorales, Matías Joaquín.
=245  10$aMalvinas :$bla guerra de los neutrales /$cMatías Joaquín Morales.
=246  1\$iSubtitle on cover:$aHistoria de las alianzas que cambiaron el curso del combate
=260  \\$aBuenos Aires :$bEdiciones Continente,$c[2012]
=300  \\$a127 p. ;$c20 cm.
=336  \\$atext$2rdacontent
=337  \\$aunmediated$2rdamedia
=338  \\$avolume$2rdacarrier
=500  \\$aOriginally presented as the author's thesis (licenciate)--Universidad Anahuác México Norte.
=504  \\$aIncludes bibliographical references (p. 125-127).
=630  00$aInter-American Treaty of Reciprocal Assistance (1947)
=650  \0$aFalkland Islands War, 1982.
=650  \0$aNeutrality$zUnited States.
=650  \0$aNeutrality$zChile.
=650  \0$aNeutrality$zFrance.
=650  \0$aNeutrality$zPeru.
=650  \0$aCold War$xInfluence.
=852  41$aBritish Library$bHMNTS$jYF.2014.a.18698
=856  41$uhttp://core.cambeiro.com.ar/0-167755-0.pdf
=CAT  \\$a8301$b40$c20121106$lBLL01$h1416
=CAT  \\$aBATCH-UPD$b40$c20140721$lBLL01$h2019
=CAT  \\$a11002$b40$c20140821$lBLL01$h0829
=FIN  \\$aY$d20140821
=FMT  \\$a  BK
=LAS  \\$a11002$b40$c20140821$lBLL01$h0829
=SRC  \\$aBLL02

