=LDR  01623 am a2200397 a 4500
=001  016228646
=003  Uk
=005  20150522115206.0
=008  130222s2012\\\\ag\ab\\\\\\\\\000\0dspa\d
=010  \\$a  2012519790
=020  \\$a9789508991126
=035  \\$a(AR-BaFGC)0-164575/0
=040  \\$aAR-BaFGC$cAR-BaFGC$dDLC$dUk
=042  \\$aukblcatcopy
=043  \\$alsfk---$as-ag---$ae-uk---
=050  00$aF3031.5$b.R623 2012
=100  1\$aRobles, Sergio Gustavo.
=245  13$aEl asalto anfibio a Malvinas a 30 años /$cSergio Gustavo Robles.
=260  \\$aBuenos Aires, República Argentina :$bInstituto de Publicaciones Navales, Centro Naval,$cc2012.
=300  \\$a207 pages :$billustrations, maps ;$c23 cm.
=336  \\$atext$2rdacontent
=337  \\$aunmediated$2rdamedia
=338  \\$avolume$2rdacarrier
=490  0\$aColección Malvinas ;$v11. título
=500  \\$aSubtitle: Oficiales y suboficiales infantes de marina argentinos del Comando de la Fuerza de Desembarco, el Batallón de I.M. No 1 y No 2 (Ec) y la Agrupación de Comandos Anfibios cuentan cómo recuperaron las Islas Malvinas en 1982.
=650  \0$aFalkland Islands War, 1982$xAmphibious operations.
=650  \0$aFalkland Islands War, 1982$xPersonal narratives, Argentine.
=852  41$aBritish Library$bHMNTS$jYF.2015.a.10193
=856  41$uhttp://core.cambeiro.com.ar/0-164575-0.pdf
=CAT  \\$a9701$b40$c20121211$lBLL01$h1010
=CAT  \\$a5703$b40$c20150522$lBLL01$h1152
=CAT  \\$aWR14_128$c20160226$lBLL01$h1626
=FIN  \\$aY$d20150522
=FMT  \\$a  BK
=LAS  \\$aWR14_128$b00$c20160226$lBLL01$h1626
=SRC  \\$aBLL02

