=LDR  01620cam a22004694a 4500
=001  016237710
=003  Uk
=005  20130501085254.0
=008  110915s2011\\\\ag\a\\\\\b\\\\000\0\spa\d
=010  \\$a  2011438536
=020  \\$z9789876281256
=035  \\$a(AR-BaFGC)0-125398/31
=040  \\$aAR-BaFGC$cAR-BaFGC$dDLC$dUk
=042  \\$aukblderived
=043  \\$an-us---$as-ag---
=050  00$aE183.8.A7$bN69 2011
=100  1\$aNovaro, Marcos.
=245  10$aCables secretos :$boperaciones políticas en la Argentina de los setenta /$cMarcos Novaro.
=250  \\$a1. ed.
=260  \\$aBuenos Aires :$bEdhasa,$c2011.
=300  \\$a236 p. :$bill. ;$c23 cm.
=336  \\$atext$2rdacontent
=337  \\$aunmediated$2rdamedia
=338  \\$avolume$2rdacarrier
=490  0\$aEnsayo
=504  \\$aIncludes bibliographcial references (p. [231]-236).
=610  20$aInter-American Commission on Human Rights.
=650  \0$aCivil rights$zArgentina.
=651  \0$aUnited States$xForeign relations$zArgentina.
=651  \0$aArgentina$xForeign relations$zUnited States.
=651  \0$aArgentina$xPolitics and government$y1955-1983.
=651  \0$aArgentina$xPolitics and government$y1983-2002.
=852  41$aBritish Library$bHMNTS$jYF.2013.a.8284
=856  41$uhttp://core.cambeiro.com.ar/0-125398-31.pdf
=CAT  \\$a9518$b40$c20121231$lBLL01$h1407
=CAT  \\$a10904$b40$c20130501$lBLL01$h0852
=CAT  \\$aBATCH-UPD$b40$c20141211$lBLL01$h0540
=CAT  \\$aBATCH-UPD$b40$c20220421$lBLL01$h2048
=FIN  \\$aY$d20130501
=FMT  \\$a  BK
=LAS  \\$aBATCH-UPD$b40$c20220421$lBLL01$h2048
=SRC  \\$aBLL02

