=LDR  03367 am a22004697a 4500
=001  016237714
=003  Uk
=005  20130430140628.0
=008  120229s2011\\\\ag\af\\\\b\\\\000\0\spa\d
=020  \\$a9789502318752
=020  \\$a9502318757
=035  \\$a(OCoLC)793328376
=040  \\$aAR-BaFGC$cN15$dNYP$dEMU$dUk
=042  \\$aukblderived
=043  \\$as-ag---
=050  \4$aPN5007.P6$bV63 2011
=245  00$aVoces y silencios :$bla prensa Argentina y la dictadura militar (1976-1983) /$cJorge Saborido y Marcelo Borrelli, coordinadores.
=246  30$aPrensa Argentina y la dictadura militar (1976-1983)
=250  \\$a1o [sic] ed.
=260  \\$aCiudad de Buenos Aires :$bEudeba,$c2011.
=300  \\$a380 p., [16] p. of plates :$bill. ;$c23 cm.
=336  \\$atext$2rdacontent
=337  \\$aunmediated$2rdamedia
=338  \\$avolume$2rdacarrier
=490  1\$aTemas de comunicación
=504  \\$aIncludes bibliographical references (p. 359-375).
=505  0\$aIntroducción -- 1. Los diarios -- Una "batalla ganada" : Clarín y la compra de Papel Prensa (1976-1978) / Marcelo Borrelli -- "El diario de Massera" : Convicción durante la dictadura militar / Marcelo Borrelli y Jorge Saborido -- Entre la guerra sucia y la guerra de Malvinas, la guerra que no fue : los medios y el conflicto del Beagle (1977-1982) / César L. Díaz, Mario J. Giménez y María M. Passaro -- El choque de los paradigmas y la muerte del diario La opinión de Jacobo Timerman : una historia que continúa / Fernando J. Ruiz -- La nación y Clarín frente a la violencia política (1976-1980) : dos casos de periodismo hermesiano / César L. Díaz -- 2. Las revistas. La prensa católica -- "Por la nación contra el caos" : la revista Cabildo y el "proceso de reorganización nacional" / Jorge Saborido -- Criterio frente al golpe de Estado de 1976 : una apuesta a la salida institucional / Marcelo Borrelli -- Esquiú-Color ante el proceso de apertura política (1981-1982) : de la democracia tutelada a la reconciliacíon nacional / Mercedes A. González -- 2.2. La prensa política. El informe de la CIDH y su repercusión en la prensa política (1979-1980) : los casos de Confirmado, Redacción y Extra / Damián Díaz y Mercedes Saborido -- Ascenso y caída de un "interlocutor válido" : Confirmado (1976-1978) / María Sol Porta -- Somos y Gente frente a la guerra de Malvinas : dos miradas en una misma editorial / María Paula Gago y Jorge Saborido -- Referencias bibliográficas -- Notas sobre los autores.
=650  \0$aPress and politics$zArgentina$zBuenos Aires$xHistory$y20th century$vCase studies.
=650  \0$aHuman rights$xPress coverage$zArgentina$zBuenos Aires$xHistory$y20th century$vCase studies.
=651  \0$aArgentina$xPolitics and government$y1955-1983$xPress coverage$vCase studies.
=700  1\$aSaborido, Jorge.
=700  1\$aBorrelli, Marcelo,$d1976-
=830  \0$aTemas (Editorial Universitaria de Buenos Aires).$pComunicación.
=852  41$aBritish Library$bHMNTS$jYF.2013.a.8285
=856  41$uhttp://core.cambeiro.com.ar/0-77685-5.pdf
=CAT  \\$a9518$b40$c20121231$lBLL01$h1410
=CAT  \\$a10904$b40$c20130430$lBLL01$h1406
=CAT  \\$aBATCH-UPD$b40$c20140510$lBLL01$h1816
=FIN  \\$aY$d20130430
=FMT  \\$a  BK
=LAS  \\$aBATCH-UPD$b40$c20140510$lBLL01$h1816
=SID  \\$aZ39$bOCLC

