=LDR  01840 am a22004697a 4500
=001  016237725
=003  Uk
=005  20130501140224.0
=008  120305s2012\\\\ag\\\\\\\b\\\\001\0\spa\d
=020  \\$a9789500737937 (pbk.)
=020  \\$a9500737930 (pbk.)
=035  \\$a(OCoLC)793426569
=040  \\$aAR-BaFGC$cN15$dCGU$dPL#$dI5B$dNYP$dCUT$dORU$dUk
=042  \\$aukblderived
=043  \\$as-ag---
=050  \4$aHN263.5$b.D56 2012
=100  1\$aDi Meglio, Gabriel,$d1973-
=245  10$aHistoria de las clases populares en la Argentina :$bdesde 1516 hasta 1880 /$cGabriel Di Meglio.
=260  \\$aBuenos Aires :$bEditorial Sudamericana,$cc2012.
=300  \\$a468 p. ;$c23 cm.
=336  \\$atext$2rdacontent
=337  \\$aunmediated$2rdamedia
=338  \\$avolume$2rdacarrier
=490  1\$aColección Historia argentina
=504  \\$aIncludes bibliographical references (p. 443-466) and index.
=505  0\$aPrimera parte (1516-1810). El mundo dado vuelta -- Desiguales ante la ley -- Trabajadores -- Costumbre y conflicto -- Segunda parte (1810-1880). La tempestad revolucionaria -- Un orden nuevo -- La era de los cambios.
=530  \\$aAlso available online.
=650  \0$aPoor$zArgentina$xHistory.
=650  \0$aWorking class$zArgentina$xHistory.
=651  \0$aArgentina$xSocial conditions.
=651  \0$aArgentina$xHistory$yTo 1810.
=651  \0$aArgentina$xHistory$y19th century.
=830  \0$aColección Historia argentina (Editorial Sudamericana)
=852  41$aBritish Library$bHMNTS$jYF.2013.a.8345
=856  41$uhttp://core.cambeiro.com.ar/0-91479-13.pdf
=CAT  \\$a9518$b40$c20121231$lBLL01$h1427
=CAT  \\$a11131$b40$c20130425$lBLL01$h0939
=CAT  \\$a5512$b40$c20130501$lBLL01$h1402
=FIN  \\$aY$d20130501
=FMT  \\$a  BK
=LAS  \\$a5512$b40$c20130501$lBLL01$h1402
=SID  \\$aZ39$bOCLC

