=LDR  01485 am a22004217a 4500
=001  016237729
=003  Uk
=005  20130425095013.0
=008  120411s2012\\\\ag\\\\\\\b\\\\001\0\spa\d
=020  \\$a9789505579099
=020  \\$a9505579098
=035  \\$a(OCoLC)793729411
=040  \\$aAR-BaFGC$cN15$dPL#$dI5B$dOCLCO$dUk
=042  \\$aukblderived
=043  \\$as-ag---
=050  \4$aF2849.2$b.F73 2012
=100  1\$aFranco, Marina.
=245  13$aUn enemigo para la nación :$borden interno, violencia y "subversión", 1973-1976 /$cMarina Franco.
=250  \\$a1. ed.
=260  \\$aBuenos Aires :$bFondo de Cultura Económica,$c2012.
=300  \\$a352 p. ;$c21 cm.
=336  \\$atext$2rdacontent
=337  \\$aunmediated$2rdamedia
=338  \\$avolume$2rdacarrier
=490  0\$aSección de obras de historia
=504  \\$aIncludes bibliographical references (p. 327-346) and index.
=650  \0$aPolitical violence$zArgentina$xHistory$y20th century.
=650  \0$aAuthoritarianism$zArgentina$xHistory$y20th century.
=650  \0$aSubversive activities$zArgentina$xHistory$y20th century.
=651  \0$aArgentina$xPolitics and government$y1955-1983.
=852  41$aBritish Library$bHMNTS$jYF.2013.a.7930
=856  41$uhttp://core.cambeiro.com.ar/0-61342-55.pdf
=CAT  \\$a9518$b40$c20121231$lBLL01$h1432
=CAT  \\$a11131$b40$c20130425$lBLL01$h0950
=FIN  \\$aY$d20130425
=FMT  \\$a  BK
=LAS  \\$a11131$b40$c20130425$lBLL01$h0950
=SID  \\$aZ39$bOCLC

