=LDR  01580 am a2200433 a 4500
=001  016237730
=003  Uk
=005  20140820151911.0
=008  120305s2012\\\\ag\a\\\\\b\\\\001\0\spa\d
=010  \\$a  2012377097
=020  \\$a9789500737999
=035  \\$a(AR-BaFGC)0-109555/67
=040  \\$aAR-BaFGC$cAR-BaFGC$dDLC$dUk
=042  \\$aukblcatcopy
=043  \\$as-ag---
=050  00$aF2849.2$b.M36 2012
=100  1\$aManfroni, Carlos A.
=245  10$aMontoneros, soldados de Massera :$bla verdad sobre la contraofensiva montonera y la logia que diseñó los 70 /$cCarlos A. Manfroni.
=260  \\$aBuenos Aires :$bEditorial Sudamericana,$cc2012.
=300  \\$a375 pages :$billustrations ;$c23 cm
=336  \\$atext$2rdacontent
=337  \\$aunmediated$2rdamedia
=338  \\$avolume$2rdacarrier
=504  \\$aIncludes bibliographical references (p. 283-289) and index.
=600  10$aMassera, Emilio E.
=610  20$aOrganización Montoneros (Argentina)
=610  20$aScottish Rite (Masonic order).$bLoggia P-2 (Italy)
=650  \0$aGuerrillas$zArgentina$xHistory$y20th century.
=651  \0$aArgentina$xPolitics and government$y1955-1983.
=852  41$aBritish Library$bHMNTS$jYF.2014.a.18591
=856  41$uhttp://core.cambeiro.com.ar/0-109555-67.pdf
=CAT  \\$a9518$b40$c20121231$lBLL01$h1434
=CAT  \\$aBATCH-UPD$b40$c20130729$lBLL01$h0759
=CAT  \\$a5703$b40$c20140820$lBLL01$h1519
=CAT  \\$aBATCH-UPD$b40$c20171023$lBLL01$h2023
=FIN  \\$aY$d20140820
=FMT  \\$a  BK
=LAS  \\$aBATCH-UPD$b40$c20171023$lBLL01$h2023
=SRC  \\$aBLL02

