=LDR  01370 am a22003977a 4500
=001  016237731
=003  Uk
=005  20130430134611.0
=008  120326s2012\\\\ag\a\\\\\b\\\\000\0\spa\d
=020  \\$a9789872779504
=020  \\$a9872779503
=035  \\$a(OCoLC)794494825
=040  \\$aAR-BaFGC$cN15$dUk
=042  \\$aukblderived
=043  \\$as-ag---
=050  \4$aF2849.2$b.M57 2012
=100  1\$aMiranda, Sebastián.
=245  14$aLos secretos de La Tablada :$bla última acción armada de la guerrilla /$cSebastián Miranda.
=260  \\$aBuenos Aires :$bEdiciones Buen Combate,$c2012.
=300  \\$a376 p. :$bill. ;$c21 cm.
=336  \\$atext$2rdacontent
=337  \\$aunmediated$2rdamedia
=338  \\$avolume$2rdacarrier
=504  \\$aIncludes bibliographical references (p. 369-373).
=610  20$aMovimiento Todos por la Patria (Argentina)
=650  \0$aTerrorism$zArgentina$xHistory$y20th century.
=651  \0$aArgentina$xPolitics and government$y1983-2002.
=651  \0$aLa Tablada (Argentina : Military base)$xSiege, 1989.
=852  41$aBritish Library$bHMNTS$jYF.2013.a.8282
=856  41$uhttp://core.cambeiro.com.ar/0-164772-0.pdf
=CAT  \\$a9518$b40$c20121231$lBLL01$h1436
=CAT  \\$a10904$b40$c20130430$lBLL01$h1346
=FIN  \\$aY$d20130430
=FMT  \\$a  BK
=LAS  \\$a10904$b40$c20130430$lBLL01$h1346
=SID  \\$aZ39$bOCLC

