=LDR  01477 am a22004097a 4500
=001  016239888
=003  Uk
=005  20130529084643.0
=008  120831s2012\\\\ag\a\\\\\b\\\\000\0\spa\d
=020  \\$a9789876281645
=020  \\$a987628164X
=035  \\$a(OCoLC)816261321
=040  \\$aAR-BaFGC$cN15$dOCLCO$dUk
=042  \\$aukblderived
=043  \\$as-ag---
=050  \4$aNX531.B84$bU88 2012
=100  1\$aUsubiaga, Viviana,$d1972-
=245  10$aImágenes inestables :$bartes visuales, dictadura y democracia en Argentina /$cViviana Usubiaga.
=250  \\$a1. ed. en Argentina.
=260  \\$aBuenos Aires :$bEdhasa,$c2012.
=300  \\$a372, [16] p. :$bill. (some col.) ;$c23 cm.
=336  \\$atext$2rdacontent
=337  \\$aunmediated$2rdamedia
=338  \\$avolume$2rdacarrier
=490  0\$aColección Historias de arte
=504  \\$aIncludes bibliographical references (p. [343]-368).
=650  \0$aArts, Argentine$zArgentina$zBuenos Aires$xHistory$y20th century.
=650  \0$aAvant-garde (Aesthetics)$zArgentina$zBuenos Aires$xHistory$y20th century.
=650  \0$aArt$xPolitical aspects$zArgentina$zBuenos Aires$xHistory$y20th century.
=852  41$aBritish Library$bHMNTS$jYF.2013.a.10112
=856  41$uhttp://core.cambeiro.com.ar/0-166958-1.pdf
=CAT  \\$a9518$b40$c20130102$lBLL01$h1414
=CAT  \\$a11002$b40$c20130529$lBLL01$h0846
=FIN  \\$aY$d20130529
=FMT  \\$a  BK
=LAS  \\$a11002$b40$c20130529$lBLL01$h0846
=SID  \\$aZ39$bOCLC

