=LDR  01470 am a22004337a 4500
=001  016239891
=003  Uk
=005  20130425090705.0
=008  120516s2012\\\\ag\\\\\\\b\\\\000\0\spa\d
=020  \\$a9789507869655
=020  \\$z9507869654
=035  \\$a(OCoLC)798213230
=040  \\$aAR-BaFGC$cN15$dOCLCO$dTJC$dUk
=042  \\$aukblderived
=043  \\$as-ag---
=050  \4$aPN3448.A8$bA453 2012
=100  1\$aAmícola, José.
=245  10$aEstéticas bastardas /$cJosé Amícola.
=260  \\$aBuenos Aires :$bEditorial Biblos,$cc2012.
=300  \\$a181 p. ;$c20 cm.
=336  \\$atext$2rdacontent
=337  \\$aunmediated$2rdamedia
=338  \\$avolume$2rdacarrier
=504  \\$aIncludes bibliographical references (p. 171-181).
=600  10$aGombrowicz, Witold$xCriticism and interpretation.
=600  00$aCopi$xCriticism and interpretation.
=600  10$aBorges, Jorge Luis,$d1899-1986$xCriticism and interpretation.
=650  \0$aAutobiographical fiction$xHistory and criticism.
=650  \0$aAutobiographical fiction, Argentine$xHistory and criticism.
=650  \0$aMyth in literature.
=650  \0$aSelf in literature.
=852  41$aBritish Library$bHMNTS$jYF.2013.a.8348
=856  41$uhttp://core.cambeiro.com.ar/0-165845-0.pdf
=CAT  \\$a9518$b40$c20130102$lBLL01$h1417
=CAT  \\$a11131$b40$c20130425$lBLL01$h0907
=FIN  \\$aY$d20130425
=FMT  \\$a  BK
=LAS  \\$a11131$b40$c20130425$lBLL01$h0907
=SID  \\$aZ39$bOCLC

