=LDR  02249 am a22004577a 4500
=001  016240029
=003  Uk
=005  20130425111820.0
=008  120614s2012\\\\ag\\\\\\\b\\\\000\0\spa\d
=020  \\$a9789871673605
=020  \\$z9871673604
=035  \\$a(OCoLC)808600567
=040  \\$aAR-BaFGC$cN15$dOCLCO$dGZM$dVVC$dUk
=042  \\$aukblderived
=043  \\$acl-----
=050  \4$aPQ7081$b.M55 2012
=100  1\$aMolloy, Sylvia,$d1938-
=240  00$aWorks.$kSelections.$f2012
=245  10$aPoses de fin de siglo :$bdesbordes del género en la modernidad /$cSylvia Molloy.
=250  \\$a1. ed.
=260  \\$aBuenos Aires :$bEterna Cadencia Editora,$c2012.
=300  \\$a303 p. ;$c22 cm.
=336  \\$atext$2rdacontent
=337  \\$aunmediated$2rdamedia
=338  \\$avolume$2rdacarrier
=500  \\$aCompilation of articles published in several literary magazines between 1990 and 2001.
=504  \\$aIncludes bibliographical references.
=505  0\$aDeseo e ideología a fines del siglo XIX -- La política de la pose -- Diagnósticos del fin de siglo -- Mármoles y cuerpo: la paideia sentimental de Rodó Lasos de familia y de utopía nacional: Martí lee a Whitman -- Semilla patriótica: regeneracionismo e immigración -- Cisnes impuros: Rubén Darío y Delmira Augustini -- Relatos que natan: género y violencia en Atilio Chiáppori -- El secuestro de la voz: De sobremisa como novela hystérica -- Sentimentalidad y género: para una lectura de Amado Nervo -- Sexualidad y exilio: el hispanismo de Augusto d'Halmar -- Secreto a voces: traslados lésbicos en Terresa de la Parra.
=650  \0$aGender identity in literature.
=650  \0$aSpanish American literature$y19th century$xHistory and criticism.
=650  \0$aSpanish American literature$y20th century$xHistory and criticism.
=852  41$aBritish Library$bHMNTS$jYF.2013.a.7903
=856  41$uhttp://core.cambeiro.com.ar/0-166623-0.pdf
=985  \\$aRecord amended for WR# 13/070
=CAT  \\$a9518$b40$c20130102$lBLL01$h1609
=CAT  \\$a11131$b40$c20130425$lBLL01$h1118
=CAT  \\$aWR13_070$b00$c20130504$lBLL01$h0341
=FIN  \\$aY$d20130425
=FMT  \\$a  BK
=LAS  \\$aWR13_070$b00$c20130504$lBLL01$h0341
=SID  \\$aZ39$bOCLC

