=LDR  01133 am a22003497a 4500
=001  016240039
=003  Uk
=005  20130425091339.0
=008  120607s2012\\\\ag\\\\\\\\\\\\000\1\spa\d
=020  \\$a9789504928225
=020  \\$z9504928226
=035  \\$a(OCoLC)805394265
=040  \\$aAR-BaFGC$cN15$dCGU$dUk
=042  \\$aukblderived
=050  \4$aPQ7798.12.E35$bS47 2012
=100  1\$aBelgrano Rawson, Eduardo.
=245  13$aEl sermón de La Victoria :$bnovela de la vida real /$cEduardo Belgrano Rawson.
=260  \\$aCiudad Autónoma de Buenos Aires :$bPlaneta,$cc2012.
=300  \\$a273 p. ;$c23 cm.
=336  \\$atext$2rdacontent
=337  \\$aunmediated$2rdamedia
=338  \\$avolume$2rdacarrier
=490  1\$aAutores Españoles e Iberoamericanos
=830  \0$aAutores españoles e iberoamericanos.
=852  41$aBritish Library$bHMNTS$jYF.2013.a.7922
=856  41$uhttp://core.cambeiro.com.ar/0-19243-78.pdf
=CAT  \\$a9518$b40$c20130102$lBLL01$h1619
=CAT  \\$a11131$b40$c20130425$lBLL01$h0913
=FIN  \\$aY$d20130425
=FMT  \\$a  BK
=LAS  \\$a11131$b40$c20130425$lBLL01$h0913
=SID  \\$aZ39$bOCLC

