=LDR  01588 am a22004217a 4500
=001  016240044
=003  Uk
=005  20130430104238.0
=008  110930s2011\\\\ag\\\\\\\b\\\\000\0\spa\d
=020  \\$a9789872646844
=035  \\$a(OCoLC)768968543
=040  \\$aAR-BaFGC$beng$cN15$dIXA$dIQU$dTJC$dUk
=042  \\$aukblderived
=043  \\$as-ag---
=050  \4$aPQ7608$b.B46 2011
=100  1\$aBentivegna, Diego.
=245  13$aEl poder de la letra :$bliteratura y domesticación en la Argentina /$cDiego Bentivegna.
=246  30$aLiteratura y domesticación en la Argentina
=260  \\$aLa Plata, Provincia de Buenos Aires, Argentina :$bUNIPE Editorial Universitaria,$cc2011.
=300  \\$a188 p. ;$c20 cm.
=336  \\$atext$2rdacontent
=337  \\$aunmediated$2rdamedia
=338  \\$avolume$2rdacarrier
=490  1\$aColección Boris Spivacow ;$v02
=504  \\$aIncludes bibliographical references.
=650  \0$aArgentine literature$xStudy and teaching$zArgentina$xHistory$y20th century.
=650  \0$aArgentine literature$y19th century$xHistory and criticism.
=650  \0$aArgentine literature$y20th century$xHistory and criticism.
=650  \0$aNationalism and literature.
=830  \0$aColección Boris Spivacow (La Plata, Argentina) ;$v02.
=852  41$aBritish Library$bHMNTS$jYF.2013.a.8275
=856  41$uhttp://core.cambeiro.com.ar/0-163749-2.pdf
=CAT  \\$a9518$b40$c20130102$lBLL01$h1623
=CAT  \\$a10904$b40$c20130430$lBLL01$h1042
=FIN  \\$aY$d20130430
=FMT  \\$a  BK
=LAS  \\$a10904$b40$c20130430$lBLL01$h1042
=SID  \\$aZ39$bOCLC

