=LDR  01299 am a22003857a 4500
=001  016240064
=003  Uk
=005  20130430135249.0
=008  120125s2011\\\\ag\a\\\\\\\\\\000\0dspa\d
=020  \\$a9789505851232
=020  \\$a9505851235
=035  \\$a(OCoLC)810290695
=040  \\$aAR-BaFGC$cN15$dUk
=042  \\$aukblderived
=050  \4$aPQ7797.M74$bC36 2011
=100  1\$aMujica Láinez, Manuel,$d1910-1984.
=245  10$aCancionero de "La Nación" /$cManuel Mujica Láinez ; presentación por Jorge Cruz.
=260  \\$a[Buenos Aires?] :$bAcademia Argentina de Letras,$cc2011.
=300  \\$a194 p. :$bill. ;$c17 cm.
=336  \\$atext$2rdacontent
=337  \\$aunmediated$2rdamedia
=338  \\$avolume$2rdacarrier
=490  0\$aColección Bolsillables ;$v1
=500  \\$aPoems.
=500  \\$aFacsim. of the Academia Argentina de Letras manuscript.
=600  10$aMujica Láinez, Manuel,$d1910-1984$vManuscripts$vFacsimiles.
=700  1\$aCruz, Jorge,$d1930-
=852  41$aBritish Library$bHMNTS$jYF.2013.a.8272
=856  41$uhttp://core.cambeiro.com.ar/0-165080-1.pdf
=CAT  \\$a9518$b40$c20130102$lBLL01$h1650
=CAT  \\$a10904$b40$c20130430$lBLL01$h1352
=FIN  \\$aY$d20130430
=FMT  \\$a  BK
=LAS  \\$a10904$b40$c20130430$lBLL01$h1352
=SID  \\$aZ39$bOCLC

