=LDR  03498 am a22005057a 4500
=001  016240069
=003  Uk
=005  20130430103842.0
=008  110819s2011\\\\ag\a\\\\\b\\\\100\0\spa\d
=020  \\$z9789871354801
=035  \\$a(OCoLC)763335802
=040  \\$aAR-BaFGC$cN15$dCGU$dIQU$dNOC$dUk
=042  \\$aukblderived
=043  \\$acl-----$acc-----
=050  \4$aHF1480.5$b.A44 2010
=050  \4$aHF1480.5$b.C645 2010
=111  2\$aCongreso Latinoamericano y Caribeño de Ciencias Sociales$n(2nd :$d2010 :$cMexico City, Mexico).
=245  10$aAmérica Latina y el Caribe :$b¿integrados o marginados? /$cJosette Altmann Borbón, Francisco Rojas Aravena, Tatiana Beirute Brealey, editores.
=260  \\$aBuenos Aires :$bTeseo :$bCAF :$bFLACSO,$cc2011.
=300  \\$a285 p. :$billustrations ;$c20 cm.
=336  \\$atext$2rdacontent
=337  \\$aunmediated$2rdamedia
=338  \\$avolume$2rdacarrier
=490  1\$aRelaciones internacionales
=500  \\$aPapers from the 2nd Congreso Latinoamericano y Caribeño de Ciencias Sociales, organized by FLACSO, and held May 26-28 in Mexico City.
=504  \\$aIncludes bibliographical references.
=505  0\$aCambios globales e integración en América Latina y el Caribe / Francisco Rojas Aravena -- América Latina y la Unión Europea; estragegias y opciones tras la Cumbre de Madrid / José Antonio Sanahuja -- Europa-América Latina y el Caribe: ¿bilateralidad vs. birregionalidad?: construyendo un nuevo relacionamiento estratégico / Josette Altamann Borbón, Franciso Rojas Aravena, Tatiana Beirute Brealey -- Relaciones de Asia Pacífico con América Latina y Caribe: apuntes para un análisis / Carlos Uscanga -- Relaciones entre América Latina y Estados Unidos: dos años de cambios y continuidad / Cynthis Arnson -- El Group de Río d la Cubre de la Unidad: la nueva Comunidad de Estados Latinoamericanos y Caribeños / José Antonio Zabalgoitia -- América Latin y el Caribe en el sistema de Naciones Unidas / Francisco Carrión Mena -- El proyecto de integración y desarrollo de Mesoamérica / Gioconda Ubeda Rivera -- El doble movimiento sudamericano: construcción regional y gobernanza global / Grace Jaramillo -- Multilateralismo en América Latina el papel del ALBA / Josette Altmann Borbón -- La otra integración: el crimen organizado en América Latina / Franciso Rojas Aravena -- América Latina en el mundo: policy memo / Tatiana Beirute Brealey -- La integración latinoamericana y caribeña desde sus subregiones: policy memo / Andrea Álvarez M. y Tatiana Beirute B.
=651  \0$aLatin America$xForeign economic relations$vCongresses.
=651  \0$aCaribbean Area$xForeign economic relations$vCongresses.
=651  \0$aLatin America$xEconomic integration$vCongresses.
=651  \0$aCaribbean Area$xEconomic integration$vCongresses.
=700  1\$aAltmann Borbón, Josette.
=700  1\$aRojas Aravena, Francisco.
=700  1\$aBeirute Brealey, Tatiana.
=710  2\$aFLACSO (Organization)
=830  \0$aSerie Documentos e informes de investigación.$pArea Relaciones internacionales.
=852  41$aBritish Library$bHMNTS$jYF.2013.a.8319
=856  41$uhttp://core.cambeiro.com.ar/0-163334-2.pdf
=CAT  \\$a9518$b40$c20130102$lBLL01$h1659
=CAT  \\$a10904$b40$c20130430$lBLL01$h1038
=CAT  \\$aBATCH-UPD$b40$c20140519$lBLL01$h2019
=FIN  \\$aY$d20130430
=FMT  \\$a  BK
=LAS  \\$aBATCH-UPD$b40$c20140519$lBLL01$h2019
=SID  \\$aZ39$bOCLC

