=LDR  01527 am a22004337a 4500
=001  016240076
=003  Uk
=005  20130529091932.0
=008  110530s2010\\\\ag\a\\\\\b\\\\000\0\spa\d
=020  \\$a9789871599424
=020  \\$a9871599420
=035  \\$a(OCoLC)747315221
=040  \\$aAR-BaFGC$cN15$dCGU$dUk
=042  \\$aukblderived
=043  \\$as-ag---
=050  \4$aHD3468$b.P76 2010
=245  03$aLa producción del trabajo asociativo /$ccompiladores, Cecilia Cross y Matías Berger ; autores, Matías Berger ... [et al.].
=250  \\$a1. ed.
=260  \\$aCABA [i.e. Ciudad Autónoma de Buenos Aires] :$bCEIL-PIETTE, CONICET :$bEdiciones CICCUS,$c2010.
=300  \\$a397 p. :$bill. ;$c23 cm.
=336  \\$atext$2rdacontent
=337  \\$aunmediated$2rdamedia
=338  \\$avolume$2rdacarrier
=490  1\$aColección Textos del bicentenario
=504  \\$aIncludes bibliographical references.
=650  \0$aCooperation$zArgentina$vCase studies.
=650  \0$aCooperative societies$zArgentina$vCase studies.
=650  \0$aEmployee ownership$zArgentina$vCase studies.
=700  1\$aCross, Cecilia.
=700  1\$aBerger, Matías.
=830  \0$aColección Textos del Bicentenario.
=852  41$aBritish Library$bHMNTS$jYF.2013.a.10307
=856  41$uhttp://core.cambeiro.com.ar/0-162557-1.pdf
=CAT  \\$a9518$b40$c20130102$lBLL01$h1711
=CAT  \\$a11002$b40$c20130529$lBLL01$h0919
=FIN  \\$aY$d20130529
=FMT  \\$a  BK
=LAS  \\$a11002$b40$c20130529$lBLL01$h0919
=SID  \\$aZ39$bOCLC

