=LDR  02298 am a22005177a 4500
=001  016240077
=003  Uk
=005  20130425091008.0
=008  110810s2011\\\\ag\\\\\\\b\\\\100\0\spa\d
=020  \\$a9789871543823
=020  \\$z9871543824
=035  \\$a(OCoLC)768968538
=040  \\$aAR-BaFGC$beng$cN15$dIXA$dUk
=042  \\$aukblderived
=043  \\$acl-----
=050  \4$aHN110.5.A8$bP47 2011
=050  \4$aHN110.5.A8$bS43 2009
=111  2\$aSeminario "América Latina frente al Desafío de la Cohesión Social"$d(2009 :$cBuenos Aires, Argentina)
=245  10$aPerspectivas críticas sobre la cohesión social :$bdesigualdad y tentativas fallidas de integración social en América Latina /$cCarlos Barba Solano, Néstor Cohen, coordinadores ; Laura Mota Díaz ... [et al.].
=250  \\$a1a. ed. en español.
=260  \\$aCiudad de Buenos Aires :$bCLACSO,$c2011.
=300  \\$a285 p. ;$c23 cm.
=336  \\$atext$2rdacontent
=337  \\$aunmediated$2rdamedia
=338  \\$avolume$2rdacarrier
=490  1\$aColección CLACSO-CROP
=500  \\$a"Seminario 'América Latina frente al Desafío de la Cohesión Social', organizado por el Consejo Latinoamericano de Ciencias Sociales (CLACSO), Comparative Research Programme on Poverty (CROP) y Asociación Latinoamericana de Sociología (ALAS), en la ciudad de Buenos Aires, en septiembre de 2009"--Cover p. [4].
=504  \\$aIncludes bibliographical references.
=650  \0$aSocial integration$zLatin America$vCongresses.
=650  \0$aTransfer payments$zLatin America$vCongresses.
=651  \0$aLatin America$xSocial policy$vCongresses.
=700  1\$aBarba Solano, Carlos.
=700  1\$aCohen, Néstor.
=710  2\$aConsejo Latinoamericano de Ciencias Sociales.
=710  2\$aComparative Research Programme on Poverty.
=710  2\$aAsociación Latinoamericana de Sociología.
=830  \0$aColección CLACSO-CROP.
=852  41$aBritish Library$bHMNTS$jYF.2013.a.7920
=856  41$uhttp://core.cambeiro.com.ar/0-132928-24.pdf
=CAT  \\$a9518$b40$c20130102$lBLL01$h1714
=CAT  \\$a11131$b40$c20130425$lBLL01$h0910
=CAT  \\$aBATCH-UPD$b40$c20180624$lBLL01$h2045
=FIN  \\$aY$d20130425
=FMT  \\$a  BK
=LAS  \\$aBATCH-UPD$b40$c20180624$lBLL01$h2045
=SID  \\$aZ39$bOCLC

