=LDR  01464 am a22004097a 4500
=001  016240564
=003  Uk
=005  20130528165531.0
=008  120214s2011\\\\ag\a\\\\\b\\\\000\0\spa\d
=020  \\$a9789871523146
=020  \\$a9871523149
=035  \\$a(OCoLC)793328382
=040  \\$aAR-BaFGC$cN15$dOCLCO$dUk
=042  \\$aukblderived
=043  \\$as-ag---
=050  \4$aHD5350.B8$bS55 2011
=100  1\$aSilva, Horacio Ricardo.
=245  10$aDías rojos, verano negro :$benero de 1919, la semana trágica de Buenos Aires /$cHoracio Ricardo Silva.
=260  \\$aBuenos Aires :$bLibros de Anarres :$bTerramar Ediciones,$c[2011]
=300  \\$a263 p. :$bill. ;$c20 cm.
=336  \\$atext$2rdacontent
=337  \\$aunmediated$2rdamedia
=338  \\$avolume$2rdacarrier
=490  0\$aUtopía libertaria colección
=504  \\$aIncludes bibliographical references (p. 255-261).
=650  \0$aGeneral Strike, Buenos Aires, Argentina, 1919.
=650  \0$aLabor movement$zArgentina$xHistory$y20th century.
=650  \0$aSocial conflict$zArgentina$xHistory$y20th century.
=651  \0$aArgentina$xPolitics and government$y1910-1943.
=852  41$aBritish Library$bHMNTS$jYF.2013.a.10223
=856  41$uhttp://core.cambeiro.com.ar/0-128875-19.pdf
=CAT  \\$a9518$b40$c20130103$lBLL01$h1413
=CAT  \\$a11002$b40$c20130528$lBLL01$h1655
=FIN  \\$aY$d20130528
=FMT  \\$a  BK
=LAS  \\$a11002$b40$c20130528$lBLL01$h1655
=SID  \\$aZ39$bOCLC

