=LDR  01366 am a2200397 a 4500
=001  016240582
=003  Uk
=005  20140901101439.0
=008  121102s2012\\\\ag\a\\\\\b\\\\001\0\spa\d
=010  \\$a  2012519457
=020  \\$a9789873319167
=035  \\$a(AR-BaFGC)0-166322/0
=040  \\$aAR-BaFGC$cAR-BaFGC$dDLC$dUk
=042  \\$aukblcatcopy
=043  \\$as-ag---
=050  00$aF2849.2$b.A2493 2012
=100  1\$aAcuña, Carlos Manuel,$d1937-
=245  14$aLos traidores :$bintimidades de la guerra revolucionaria /$cCarlos Manuel Acuña.
=260  \\$a[Buenos Aires?] :$bLiber Liberat,$cc2012.
=300  \\$a494 pages :$billustrations ;$c23 cm
=336  \\$atext$2rdacontent
=337  \\$aunmediated$2rdamedia
=338  \\$avolume$2rdacarrier
=504  \\$aIncludes bibliographical references and index.
=650  \0$aTraitors$zArgentina$xHistory$y20th century.
=650  \0$aGuerrillas$zArgentina$xHistory$y20th century.
=651  \0$aArgentina$xHistory$yDirty War, 1976-1983.
=852  41$aBritish Library$bHMNTS$jYF.2014.a.18898
=856  41$uhttp://core.cambeiro.com.ar/0-166322-0.pdf
=CAT  \\$a9518$b40$c20130103$lBLL01$h1423
=CAT  \\$a5703$b40$c20140901$lBLL01$h1014
=CAT  \\$aBATCH-UPD$b40$c20140901$lBLL01$h1015
=FIN  \\$aY$d20140901
=FMT  \\$a  BK
=LAS  \\$aBATCH-UPD$b40$c20140901$lBLL01$h1015
=SRC  \\$aBLL02

