=LDR  01200 am a22003617a 4500
=001  016240947
=003  Uk
=005  20140828075930.0
=008  111129s2011\\\\ag\\\\\\\b\\\\001\0dspa\d
=010  \\$a  2011438892
=020  \\$a9789870599616
=035  \\$a(AR-BaFGC)0-164432/1
=040  \\$aAR-BaFGC$cAR-BaFGC$dDLC$dUk
=042  \\$aukblderived
=050  00$aZ8773.A28$bF54 2011
=100  1\$aFleischer, Ariel G.$q(Ariel Gustavo),$d1982-
=245  10$aBibliografía completa de Ernesto Sabato, 1931-2006 :$bcon algunos apuntes biográficos /$cAriel G. Fleischer.
=260  \\$aBuenos Aires :$bLibrería Del Signo,$c2011.
=300  \\$a220 p. ;$c22 cm.
=336  \\$atext$2rdacontent
=337  \\$aunmediated$2rdamedia
=338  \\$avolume$2rdacarrier
=490  0\$aCol. Cuadernos del cenit ;$v1
=500  \\$aIncludes index.
=600  10$aSábato, Ernesto R.$vBibliography.
=852  41$aBritish Library$bHMNTS$jYF.2014.a.18844
=856  41$uhttp://core.cambeiro.com.ar/0-164432-1.pdf
=CAT  \\$a9518$b40$c20130104$lBLL01$h1100
=CAT  \\$a11002$b40$c20140828$lBLL01$h0759
=FIN  \\$aY$d20140828
=FMT  \\$a  BK
=LAS  \\$a11002$b40$c20140828$lBLL01$h0759
=SRC  \\$aBLL02

