=LDR  01536 am a2200385 a 4500
=001  016240951
=003  Uk
=005  20130725115414.0
=008  120307s2011\\\\ag\a\\\\\b\\\\100\0\spa\d
=020  \\$a9789879889381
=020  \\$a987988938X
=035  \\$a(OCoLC)793328469
=040  \\$aAR-BaFGC$cN15$dOCLCO$dUk
=042  \\$aukblderived
=043  \\$acl-----
=050  \4$aHV5840.L3$bC66 2011
=111  2\$aConferencia Latinoamericana sobre Políticas de Drogas$n(1st :$d2009 :$cBuenos Aires, Argentina)
=245  10$aAmérica Latina debate sobre drogas :$bI y II Conferencias Latinoamericanas sobre Políticas de Drogas /$cGraciela Touzé y Paula Goltzman, compiladoras.
=260  \\$aBuenos Aires :$bIntercambios :$bUniversidad de Buenos Aires, Facultad de Ciencias Sociales,$c[2011]
=300  \\$a366 pages :$billustrations ;$c24 cm
=336  \\$atext$2rdacontent
=337  \\$aunmediated$2rdamedia
=338  \\$avolume$2rdacarrier
=504  \\$aIncludes bibliographical references.
=650  \0$aDrug control$zLatin America$vCongresses.
=650  \0$aDrug abuse$zLatin America$vCongresses.
=711  22$aConferencia Latinoamericana sobre Políticas de Drogas$n(2nd :$d2010 :$cRio de Janeiro, Brazil)
=852  41$aBritish Library$bHMNTS$jYF.2013.a.13586
=856  41$uhttp://core.cambeiro.com.ar/0-165033-0.pdf
=CAT  \\$a9518$b40$c20130104$lBLL01$h1104
=CAT  \\$a5703$b40$c20130725$lBLL01$h1154
=FIN  \\$aY$d20130725
=FMT  \\$a  BK
=LAS  \\$a5703$b40$c20130725$lBLL01$h1154
=SID  \\$aZ39$bOCLC

