=LDR  01331 am a22004097a 4500
=001  016240954
=003  Uk
=005  20130529075451.0
=008  120629s2011\\\\ag\\\\\\\b\\\\000\0\spa\d
=020  \\$a9789871421541
=020  \\$a9871421540
=035  \\$a(OCoLC)808600687
=040  \\$aAR-BaFGC$cN15$dOCLCO$dUk
=042  \\$aukblderived
=043  \\$as-ag---
=050  \4$aHD1531.A7$bR69 2011
=100  1\$aRoze, Jorge Próspero.
=245  10$aConflictos agrarios en la Argentina :$bel proceso liguista : 1970-1976.
=250  \\$a1. ed.
=260  \\$aBuenos Aires :$bEdiciones ryr,$c2011.
=300  \\$a295 p. ;$c17 cm.
=336  \\$atext$2rdacontent
=337  \\$aunmediated$2rdamedia
=338  \\$avolume$2rdacarrier
=490  0\$aBiblioteca militante
=490  0\$aColección Historia argentina
=504  \\$aIncludes bibliographical references.
=650  \0$aPeasants$xPolitical activity$zArgentina, Northeast$xHistory.
=650  \0$aPeasants$zArgentina, Northeast$xSocieties, etc.$xHistory.
=852  41$aBritish Library$bHMNTS$jYF.2013.a.10212
=856  41$uhttp://core.cambeiro.com.ar/0-162773-3.pdf
=CAT  \\$a9518$b40$c20130104$lBLL01$h1109
=CAT  \\$a11002$b40$c20130529$lBLL01$h0754
=FIN  \\$aY$d20130529
=FMT  \\$a  BK
=LAS  \\$a11002$b40$c20130529$lBLL01$h0754
=SID  \\$aZ39$bOCLC

