=LDR  01465 am a22003977a 4500
=001  016240972
=003  Uk
=005  20130529093938.0
=008  120214s2011\\\\ag\\\\\\\b\\\\001\0\spa\d
=020  \\$a9789871523139
=020  \\$a9871523130
=035  \\$a(OCoLC)793328340
=040  \\$aAR-BaFGC$cN15$dCOO$dOCLCO$dUk
=042  \\$aukblderived
=043  \\$as-ck---
=050  \4$aHD6622$b.P37 2011
=245  00$aPasado y presente del anarquismo y del anarcosindicalismo en Colombia /$cCentro de Investigación Libertaria y Educación Popular, editor.
=260  \\$aBuenos Aires :$bLibros de Anarres :$bTerramar Ediciones ;$aBogotá, Colombia :$bEdiciones Cilep,$c[2011]
=300  \\$a207 p. ;$c20 cm.
=336  \\$atext$2rdacontent
=337  \\$aunmediated$2rdamedia
=338  \\$avolume$2rdacarrier
=490  1\$aUtopía libertaria colección
=504  \\$aIncludes bibliographical references and index.
=650  \0$aSyndicalism$zColombia$xHistory$y20th century.
=650  \0$aAnarchism$zColombia$xHistory$y20th century.
=710  2\$aCentro de Investigación Libertaria y Educación Popular.
=830  \0$aUtopia libertaria.
=852  41$aBritish Library$bHMNTS$jYF.2013.a.10339
=856  41$uhttp://core.cambeiro.com.ar/0-128875-18.pdf
=CAT  \\$a9518$b40$c20130104$lBLL01$h1121
=CAT  \\$a11002$b40$c20130529$lBLL01$h0939
=FIN  \\$aY$d20130529
=FMT  \\$a  BK
=LAS  \\$a11002$b40$c20130529$lBLL01$h0939
=SID  \\$aZ39$bOCLC

