=LDR  01612 am a22004457a 4500
=001  016240981
=003  Uk
=005  20140828073806.0
=008  130529s2012\\\\ag\a\\\\\b\\\\000\0\spa\d
=010  \\$a  2012516392
=020  \\$a9789872868512
=035  \\$a(AR-BaFGC)0-165909/3
=040  \\$aAR-BaFGC$cAR-BaFGC$dDLC$dUk
=042  \\$aukblderived
=043  \\$as-ag---
=050  00$aHX181.M863$bM34 2012
=100  1\$aMaggio, Marcelo.
=245  10$aDiario El Mundo :$bPRT-ERP : prensa masiva para una política de masas /$cMarcelo Maggio.
=260  \\$a[Buenos Aires?] :$bEl Río Suena,$c[2012]
=300  \\$a199 p. :$bill. ;$c20 cm.
=336  \\$atext$2rdacontent
=337  \\$aunmediated$2rdamedia
=338  \\$avolume$2rdacarrier
=490  0\$aColección Artillería del pensamiento
=504  \\$aIncludes bibliographical references (p. 183-189).
=610  20$aEjército Revolucionario del Pueblo (Argentina)$xHistory.
=630  00$aMundo (Buenos Aires, Argentina : 1973)
=650  \0$aSocialism$zArgentina$xPeriodicals$xHistory$y20th century.
=650  \0$aArgentine newspapers$xHistory$y20th century.
=651  \0$aArgentina$xPolitics and government$y1955-1983.
=852  41$aBritish Library$bHMNTS$jYF.2014.a.18841
=856  41$uhttp://core.cambeiro.com.ar/0-165909-3.pdf
=CAT  \\$a9518$b40$c20130104$lBLL01$h1130
=CAT  \\$aBATCH-UPD$b40$c20130830$lBLL01$h2022
=CAT  \\$a11002$b40$c20140828$lBLL01$h0738
=CAT  \\$aBATCH-UPD$b40$c20171023$lBLL01$h2034
=FIN  \\$aY$d20140828
=FMT  \\$a  BK
=LAS  \\$aBATCH-UPD$b40$c20171023$lBLL01$h2034
=SRC  \\$aBLL02

