=LDR  01345 am a2200409 a 4500
=001  016241021
=003  Uk
=005  20140820151330.0
=008  121127s2012\\\\ag\\\\\\\\\\\\000\0\spa\d
=010  \\$a  2012519717
=020  \\$a9789872710668
=020  \\$a987271066X
=035  \\$a(OCoLC)832817559
=040  \\$aAR-BaFGC$beng$cDLC$dN15$dIUL$dOCLCF$dUk
=042  \\$aukblcatcopy
=043  \\$as-ag---
=050  00$aPQ7797.B635$bZ77354 2012
=100  1\$aLiendivit, Zenda,$d1961-
=245  14$aLos estilos de Borges :$bentre la nación y el universo /$cZenda Liendivit.
=250  \\$a1o ed.
=260  \\$aBuenos Aires :$bContratiempo Ediciones,$c2012.
=300  \\$a116 pages ;$c21 cm.
=336  \\$atext$2rdacontent
=337  \\$aunmediated$2rdamedia
=338  \\$avolume$2rdacarrier
=490  0\$aLiteratura, espacio y política ;$v2
=600  10$aBorges, Jorge Luis,$d1899-1986$xCriticism and interpretation.
=650  \0$aCities and towns in literature.
=651  \0$aBuenos Aires (Argentina)$xIn literature.
=852  41$aBritish Library$bHMNTS$jYF.2014.a.18592
=856  41$uhttp://core.cambeiro.com.ar/0-168221-1.pdf
=CAT  \\$a9518$b40$c20130104$lBLL01$h1202
=CAT  \\$a5703$b40$c20140820$lBLL01$h1513
=FIN  \\$aY$d20140820
=FMT  \\$a  BK
=LAS  \\$a5703$b40$c20140820$lBLL01$h1513
=SID  \\$aZ39$bOCLC

