=LDR  01567 am a2200421 i 4500
=001  016241122
=003  Uk
=005  20140724142017.0
=008  120724s2012\\\\ag\a\\\\\b\\\\000\0\spa\d
=020  \\$a9789500520034 (paperback)
=020  \\$a9500520036 (paperback)
=035  \\$a(OCoLC)811124210
=040  \\$aAR-BaFGC$beng$cN15$dI5B$dGZM$dUk$erda
=042  \\$aukblsr
=043  \\$an-mx---
=050  \4$aF1230$b.A56 2012
=100  1\$aAñón, Valeria,$eauthor.
=245  13$aLa palabra despierta :$btemas de la identidad y usos del pasado en crónicas de la conquista de México /$cValeria Añón.
=264  \1$aBs. As. [i.e. Buenos Aires] :$bCorregidor,$c[2012]
=300  \\$a354 pages :$b1 illustration (black and white) ;$c20 cm.
=336  \\$atext$2rdacontent
=337  \\$aunmediated$2rdamedia
=338  \\$avolume$2rdacarrier
=490  1\$aNueva crítica hispanoamericana
=504  \\$aIncludes bibliographical references.
=651  \0$aMexico$xHistory$yConquest, 1519-1540$xEarly works to 1800.
=651  \0$aMexico$xHistory$yConquest, 1519-1540$xHistoriography.
=830  \0$aNueva crítica hispanoamericana.
=852  41$aBritish Library$bHMNTS$jYF.2014.a.17100
=856  41$uhttp://core.cambeiro.com.ar/0-122116-44.pdf
=CAT  \\$a8197$b40$c20130104$lBLL01$h1437
=CAT  \\$a6066$b40$c20140724$lBLL01$h1420
=CAT  \\$aBATCH-UPD$b40$c20160507$lBLL01$h1721
=CAT  \\$aBATCH-UPD$b40$c20171215$lBLL01$h2036
=FIN  \\$aY$d20140724
=FMT  \\$a  BK
=LAS  \\$aBATCH-UPD$b40$c20171215$lBLL01$h2036
=SID  \\$aZ39$bOCLC

