=LDR  01632 am a2200433 i 4500
=001  016245093
=003  Uk
=005  20140808083345.0
=008  120508s2011\\\\ag\a\\\\\b\\\|0|0\0|spa\d
=020  \\$a9789871741182 (paperback)
=020  \\$a9871741189 (paperback)
=035  \\$a(OCoLC)810290748
=040  \\$aAR-BaFGC$beng$cN15$dUk$erda
=042  \\$aukblsr
=050  \4$aPN5006.L84$bC76 2011
=100  1\$aLugones, Benigno B.$q(Benigno Baldomero),$d1885-1937,$eauthor.
=240  10$aWorks.$kSelections.$f2011
=245  10$aCrónicas, folletines y otros escritos :$b1879-1884 /$cBenigno B. Lugones ; edición crítica y estudio preliminar de Diego Galeano.
=264  \1$aCiudad Autónoma de Buenos Aires :$bEdiciones Biblioteca Nacional,$c2011.
=300  \\$a462 pages :$billustrations (black and white) ;$c21 cm.
=336  \\$atext$2rdacontent
=337  \\$aunmediated$2rdamedia
=338  \\$avolume$2rdacarrier
=490  0\$aColección Los raros ;$vno. 36
=504  \\$aIncludes bibliographical references.
=700  1\$aGaleano, Diego,$eeditor.
=852  41$aBritish Library$bHMNTS$jYF.2014.a.18019
=856  41$uhttp://core.cambeiro.com.ar/0-156085-14.pdf
=985  \\$aRecord amended for WR# 13/070
=CAT  \\$a8197$b40$c20130107$lBLL01$h1015
=CAT  \\$aWR13_070$b00$c20130504$lBLL01$h0341
=CAT  \\$a7483$b40$c20140807$lBLL01$h1311
=CAT  \\$a7483$b40$c20140807$lBLL01$h1313
=CAT  \\$a7483$b40$c20140808$lBLL01$h0833
=CAT  \\$aBATCH-UPD$b40$c20191007$lBLL01$h0023
=FIN  \\$aY$d20140807
=FMT  \\$a  BK
=LAS  \\$aBATCH-UPD$b40$c20191007$lBLL01$h0023
=SID  \\$aZ39$bOCLC

