=LDR  00947 am a22003257a 4500
=001  016249059
=003  Uk
=005  20130425110224.0
=008  120214s2011\\\\ag\\\\\\\\\\\\000\1\spa\d
=020  \\$a9789870421146
=020  \\$a9870421148
=035  \\$a(OCoLC)793426585
=040  \\$aAR-BaFGC$cN15$dUk
=042  \\$aukblderived
=050  \4$aPQ7798.18.E48$bM84 2011
=100  1\$aHeker, Liliana.
=245  13$aLa muerte de Dios /$cLiliana Heker.
=260  \\$a[Buenos Aires] :$bAlfaguara,$cc2011.
=300  \\$a199 p. ;$c25 cm.
=336  \\$atext$2rdacontent
=337  \\$aunmediated$2rdamedia
=338  \\$avolume$2rdacarrier
=852  41$aBritish Library$bHMNTS$jYF.2013.a.7951
=856  41$uhttp://core.cambeiro.com.ar/0-165390-0.pdf
=CAT  \\$a8157$b40$c20130111$lBLL01$h1406
=CAT  \\$a11131$b40$c20130425$lBLL01$h1102
=FIN  \\$aY$d20130425
=FMT  \\$a  BK
=LAS  \\$a11131$b40$c20130425$lBLL01$h1102
=SID  \\$aZ39$bOCLC

