=LDR  01532 am a22003977a 4500
=001  016249080
=003  Uk
=005  20130322091905.0
=008  120420s2011\\\\ag\a\\\\\b\\\\000\0\spa\d
=020  \\$a9789875843608
=020  \\$z9875843601
=035  \\$a(OCoLC)798213326
=040  \\$aAR-BaFGC$cN15$dOCLCO$dHLS$dCUY$dUk
=042  \\$aukblderived
=043  \\$as-ag---
=050  \4$aHD7287.96.A72$bB84 2011
=245  00$aNuevas formas precarias de habitar la ciudad de Buenos Aires :$b1990-2010 /$cVerónica Paiva, compilación ; Martín Boy ... [ et al.].
=260  \\$aBuenos Aires :$bEdiciones FADU :$bNobuko,$c2011.
=300  \\$a118 p. :$bill. ;$c21 cm.
=336  \\$atext$2rdacontent
=337  \\$aunmediated$2rdamedia
=338  \\$avolume$2rdacarrier
=490  1\$aSerie Difusión ;$v23
=504  \\$aIncludes bibliographical references.
=650  \0$aSquatter settlements$zArgentina$zBuenos Aires$vCase studies.
=650  \0$aLow-income housing$zArgentina$zBuenos Aires$vCase studies.
=700  1\$aPaiva, Verónica.
=830  \0$aSerie Difusión (Universidad de Buenos Aires. Facultad de Arquitectura, Diseño y Urbanismo. Secretaría de Investigación en Ciencia y Técnica) ;$v23.
=852  41$aBritish Library$bHMNTS$jYF.2013.a.5290
=856  41$uhttp://core.cambeiro.com.ar/0-161121-2.pdf
=CAT  \\$a8157$b40$c20130111$lBLL01$h1416
=CAT  \\$a11131$b40$c20130322$lBLL01$h0919
=FIN  \\$aY$d20130322
=FMT  \\$a  BK
=LAS  \\$a11131$b40$c20130322$lBLL01$h0919
=SID  \\$aZ39$bOCLC

