=LDR  01843 am a22004937a 4500
=001  016249111
=003  Uk
=005  20130523083735.0
=008  120229s2011\\\\ag\a\\\\\b\\\\100\0\eng\d
=020  \\$a9789502318684
=020  \\$a9502318684
=035  \\$a(OCoLC)793328388
=040  \\$aAR-BaFGC$cN15$dOCLCO$dUk
=041  1\$aeng$hspa
=042  \\$aukblderived
=043  \\$au-at---$as-ag---
=050  \4$aHC603$b.J64 2011
=111  2\$aJohn Fogarty Seminar$d(2007 :$cBuenos Aires, Argentina)
=245  10$aUnder the southern cross :$bAustralia-Argentina : a comparative analysis /$cNéstor E. Stancanelli, director.
=250  \\$a1o [sic] ed.
=260  \\$aCiudad de Buenos Aires :$bEudeba,$c2011.
=300  \\$a651 p. :$bill. ;$c22 cm.
=336  \\$atext$2rdacontent
=337  \\$aunmediated$2rdamedia
=338  \\$avolume$2rdacarrier
=504  \\$aIncludes bibliographical references.
=546  \\$aTexts in English, translated from Spanish, but three originally written in English.
=651  \0$aAustralia$xEconomic conditions$vCongresses.
=651  \0$aAustralia$xSocial conditions$vCongresses.
=651  \0$aAustralia$xPolitics and government$vCongresses.
=651  \0$aArgentina$xSocial conditions$vCongresses.
=651  \0$aArgentina$xEconomic conditions$vCongresses.
=651  \0$aArgentina$xPolitics and government$vCongresses.
=700  1\$aStancanelli, Néstor E.
=710  2\$aCentro de Economía Internacional (Buenos Aires, Argentina)
=852  41$aBritish Library$bHMNTS$jYD.2013.a.1305
=856  41$uhttp://core.cambeiro.com.ar/0-164843-0.pdf
=CAT  \\$a8157$b40$c20130111$lBLL01$h1441
=CAT  \\$a10904$b40$c20130501$lBLL01$h0804
=CAT  \\$a5100$b40$c20130523$lBLL01$h0837
=FIN  \\$aY$d20130501
=FMT  \\$a  BK
=LAS  \\$a5100$b40$c20130523$lBLL01$h0837
=SID  \\$aZ39$bOCLC

