=LDR  01325 am a22003977a 4500
=001  016249115
=003  Uk
=005  20130529090459.0
=008  120118s2011\\\\ag\\\\\\\b\\\\000\0\spa\d
=020  \\$a9789871354962
=020  \\$a9871354967
=035  \\$a(OCoLC)780968183
=040  \\$aAR-BaFGC$cN15$dCOO$dOCLCO$dUk
=042  \\$aukblderived
=043  \\$as------
=050  \4$aHC167.S67$bM47 2011
=245  03$aEl Mercosur y las complejidades de la integración regional /$cJosé Briceño Ruiz, editor.
=250  \\$a1a. ed.
=260  \\$aBuenos Aires :$bTeseo ;$aMérida, Venezuela :$bCECHTA,Universidad de los Andes,$cc2011.
=300  \\$a476 p. ;$c20 cm.
=336  \\$atext$2rdacontent
=337  \\$aunmediated$2rdamedia
=338  \\$avolume$2rdacarrier
=490  0\$aCiencias Políticas
=504  \\$aIncludes bibliographical references.
=610  20$aMERCOSUR (Organization)
=651  \0$aSouthern Cone of South America$xEconomic integration.
=700  1\$aBriceño Ruíz, José.
=852  41$aBritish Library$bHMNTS$jYF.2013.a.10338
=856  41$uhttp://core.cambeiro.com.ar/0-155639-4.pdf
=CAT  \\$a8157$b40$c20130111$lBLL01$h1443
=CAT  \\$a11002$b40$c20130529$lBLL01$h0904
=FIN  \\$aY$d20130529
=FMT  \\$a  BK
=LAS  \\$a11002$b40$c20130529$lBLL01$h0904
=SID  \\$aZ39$bOCLC

