=LDR  01445 am a22003737a 4500
=001  016249119
=003  Uk
=005  20130529113729.0
=008  120919s2012\\\\ag\ab\\\\b\\\i000\0\spa\d
=020  \\$a9789876292115
=020  \\$a9876292110
=035  \\$a(OCoLC)818843556
=040  \\$aAR-BaFGC$cN15$dOCLCO$dUk
=042  \\$aukblderived
=043  \\$acl-----
=050  \4$aHN110.5.Z9$bS62 2012
=245  03$aLa protesta social en América Latina /$ccoordinador, Fernando Calderón Gutiérrez ; equipo de investigación, Lorenza Belinda Fontana, María Isabel Nava Salinas, Huáscar Pacheco Ortega ; colaboraciones especiales, Antonio Araníbar ... [et al.].
=260  \\$a[Buenos Aires?] :$bPAPEP :$bPNUD :$bSiglo Veintiuno Editores,$cc2012.
=300  \\$a318 p. :$bcol. ill., col. maps ;$c23 cm.
=336  \\$atext$2rdacontent
=337  \\$aunmediated$2rdamedia
=338  \\$avolume$2rdacarrier
=490  0\$aCuadernos de prospectiva política ;$v1
=504  \\$aIncludes bibliographical references (p. [299]-314).
=650  \0$aSocial conflict$zLatin America.
=700  1\$aCalderón Gutiérrez, Fernando.
=852  41$aBritish Library$bHMNTS$jYF.2013.a.10334
=856  41$uhttp://core.cambeiro.com.ar/0-167516-1.pdf
=CAT  \\$a8157$b40$c20130111$lBLL01$h1444
=CAT  \\$a11002$b40$c20130529$lBLL01$h1137
=FIN  \\$aY$d20130529
=FMT  \\$a  BK
=LAS  \\$a11002$b40$c20130529$lBLL01$h1137
=SID  \\$aZ39$bOCLC

