=LDR  01925 am a22004817a 4500
=001  016249131
=003  Uk
=005  20130425105047.0
=008  120514s2011\\\\ag\\\\\\\b\\\i100\0\spa\d
=020  \\$a9789507869648
=020  \\$z9507869646
=035  \\$a(OCoLC)798213248
=040  \\$aAR-BaFGC$cN15$dOCLCO$dUk
=042  \\$aukblderived
=043  \\$as-ag---
=050  \4$aRG106.4.A7$bT35 2010
=111  2\$aTaller de Investigaciones Sociales en Salud Reproductiva y Sexualidad : en el marco de las transformaciones en la familia$n(6th :$d2010 :$cBuenos Aires, Argentina)
=245  10$aProblemas actuales de salud reproductiva, familia, género y sexualidad :$bla investigación social de la diversidad /$cRosa Geldstein, Marta Schufer, editoras.
=260  \\$aBuenos Aires :$bUNFPA :$bEditorial Biblos,$c2011.
=300  \\$a429 p. ;$c23 cm.
=336  \\$atext$2rdacontent
=337  \\$aunmediated$2rdamedia
=338  \\$avolume$2rdacarrier
=490  0\$aInvestigaciones y ensayos
=504  \\$aIncludes bibliographical references.
=650  \0$aReproductive health$zArgentina$vCongresses.
=650  \0$aSexual rights$zArgentina$vCongresses.
=650  \0$aFamilies$zArgentina$vCongresses.
=650  \0$aSex discrimination against women$zArgentina$vCongresses.
=700  1\$aGeldstein, Rosa N.
=700  1\$aSchufer, Marta.
=710  2\$aAsociación de Estudios de Población de la Argentina.
=710  2\$aCentro de Estudios de Estado y Sociedad.
=710  2\$aCentro de Estudios de Población (Buenos Aires, Argentina)
=852  41$aBritish Library$bHMNTS$jYF.2013.a.7944
=856  41$uhttp://core.cambeiro.com.ar/0-155719-34.pdf
=CAT  \\$a8157$b40$c20130111$lBLL01$h1449
=CAT  \\$a11131$b40$c20130425$lBLL01$h1050
=CAT  \\$aBATCH-UPD$b40$c20150615$lBLL01$h2017
=FIN  \\$aY$d20130425
=FMT  \\$a  BK
=LAS  \\$aBATCH-UPD$b40$c20150615$lBLL01$h2017
=SID  \\$aZ39$bOCLC

