=LDR  01564 am a22004457a 4500
=001  016249144
=003  Uk
=005  20130430141412.0
=008  120528s2012\\\\ag\\\\\\\b\\\\000\0\spa\d
=020  \\$a9789502318820
=020  \\$a950231882X
=035  \\$a(OCoLC)813226938
=040  \\$aAR-BaFGC$cN15$dOCLCQ$dUk
=042  \\$aukblderived
=043  \\$as-ag---
=050  \4$aHC175$b.S25 2012
=100  1\$aSalvia, Agustín.
=245  13$aLa trampa neoliberal :$bun estudio sobre los cambios en la heterogeneidad estructural y la distribución del ingreso en Argentina : 1990-2003 /$cAgustín Salvia.
=250  \\$a1o ed.
=260  \\$aCiudad de Buenos Aires :$bEudeba,$c2012.
=300  \\$a483 p. ;$c23 cm.
=336  \\$atext$2rdacontent
=337  \\$aunmediated$2rdamedia
=338  \\$avolume$2rdacarrier
=490  0\$aTemas de economía
=504  \\$aIncludes bibliographical references (p. [407]-435).
=650  \0$aIncome distribution$zArgentina$xHistory$y20th century.
=651  \0$aArgentina$xEconomic conditions$y1983-
=651  \0$aArgentina$xSocial conditions$y1983-
=651  \0$aArgentina$xEconomic policy.
=852  41$aBritish Library$bHMNTS$jYF.2013.a.8286
=856  41$uhttp://core.cambeiro.com.ar/0-166429-1.pdf
=CAT  \\$a8157$b40$c20130111$lBLL01$h1457
=CAT  \\$a10904$b40$c20130430$lBLL01$h1414
=CAT  \\$aBATCH-UPD$b40$c20160217$lBLL01$h1850
=CAT  \\$aBATCH-UPD$b40$c20180517$lBLL01$h2045
=FIN  \\$aY$d20130430
=FMT  \\$a  BK
=LAS  \\$aBATCH-UPD$b40$c20180517$lBLL01$h2045
=SID  \\$aZ39$bOCLC

