=LDR  04056 am a2200433 i 4500
=001  016250440
=003  Uk
=005  20150323112025.0
=008  120316s2011\\\\ag\\\\\\\b\\\f000\0\spa\d
=020  \\$a9789871354986 (paperback)
=020  \\$a9871354983 (paperback)
=035  \\$a(OCoLC)798213239
=040  \\$aAR-BaFGC$beng$cN15$dOCLCO$dNOC$dUk
=042  \\$aukblsr
=043  \\$as-ag---$as-bl---
=050  \4$aHQ792.A7$bI54 2011
=245  00$aInfancias políticas y saberes en la Argentina y Brasil :$bsiglos XIX y XX /$cIsabella Cosse ... [et al.], editoras.
=260  \\$aBuenos Aires :$bAgencia Nacional de Promoción Científica y Tecnológica :$bCONICET :$bFundación Centro de Estudos Brasileiros :$bTeseo ;$a[Los Polvorines, Pcia. de Buenos Aires, Argentina] :$bUniversidad Nacional de General Sarmiento ;$a[San Martín, Pcia. de Buenos Aires, Argentina] :$bUniversidad Nacional de San Martín,$c2011.
=300  \\$a424 p. ;$c20 cm.
=336  \\$atext$2rdacontent
=337  \\$aunmediated$2rdamedia
=338  \\$avolume$2rdacarrier
=490  1\$aEnsayo
=504  \\$aIncludes bibliographical references.
=505  0\$aEl campo de estudios sobre la infancia en las fronteras de las disciplinas: notas para su caracterización e hipótesis sobre sus desafíos / Sandra Carli -- Infancia y educación en diálogo: un campo de posibilidades para la reflexión teórica y renovadas perspectivas de análisis / Lucía Lionetti -- Infancia, sociedad y educación en la historia / Moysés Kuhlmann Jr. -- El saber médico y la definición de una "naturaleza infantil" entre fines del siglo XIX y comienzos del siglo XX en la Argentina / María Adelaida Colángelo -- Entre el abandono y la debilidad: el cuidado de la salud en la primera infancia, 1920-1930 / Adriana Álvarez y Daniel Reynoso -- Niñ@s y sexualidad: un análisis de os discursos sobre hormonas en Argentina en los años 1930 / Cecilia Rustoyburu -- Tecnologías globales de la moralidad materna: políticas de educación para la primera infancia en el Brasil contemporáneo / Claudia Fonseca -- La labor de la Comisión Nacional de Ayuda Escolar (1938-1943): "encarar la acción en su verdadero concepto de imperativo social" / María José Billorou -- Vínculos intergeneracionales, familia, escuela y autoridad: Tandil, segunda mitad del siglo XX / Paola Gallo -- Niños, ciudadanos y compañeritos: un recorrido por los distintos criterios para el trabajo de inclusión social de los niños y adolescentes de sectores vulnerables / María Florencia Gentile -- El cuidado infantil, la vida familiar y las formas en que se territorializan las intervenciones sociales: un estudio en barrios populares del Gran Buenos Aires / Laura Santillán -- Asilo de huérfanas, refugio para las niñas solas: prácticas del sector privado en el centro y sur bonaresnses a fines del siglo XIX / Yolanda de Paz Trueba -- Los Tribunales de Menores en la Argentina: antecedentes internacionales e iniciativas nacionales (1933-1943) / Leandro Stagno -- Entre lo público y lo privado: una heterogénea trama entre las instituciones dedicadas al cuidado de la infancia / Carolina Ciordia -- La institución total nunca es cosa buena: aproximaciones a la realidad del encierro a los adolescentes infractores en la provincia de Buenos Aires / Silvia Guemureman.
=650  \0$aChildren$xGovernment policy$zArgentina$xHistory.
=650  \0$aChildren$xInstitutional care$zArgentina$xHistory.
=650  \0$aChildren$xGovernment policy$zBrazil$xHistory.
=700  1\$aCosse, Isabella,$eeditor.
=710  2\$aAgencia Nacional de Promoción Científica y Tecnológica (Argentina),$epublisher.
=830  \0$aEnsayo (Teseo (Firm))
=852  41$aBritish Library$bHMNTS$jYF.2015.a.7442
=856  41$uhttp://core.cambeiro.com.ar/0-152240-7.pdf
=CAT  \\$a8157$b40$c20130114$lBLL01$h1258
=CAT  \\$a11342$b40$c20150323$lBLL01$h1120
=FIN  \\$aY$d20150323
=FMT  \\$a  BK
=LAS  \\$a11342$b40$c20150323$lBLL01$h1120
=SID  \\$aZ39$bOCLC

