=LDR  01485 am a2200433 a 4500
=001  016250535
=003  Uk
=005  20130725104706.0
=008  120615s2012\\\\ag\\\\\\\b\\\\000\0\spa\d
=020  \\$a9789876281539
=020  \\$a9876281534
=035  \\$a(OCoLC)808600555
=040  \\$aAR-BaFGC$cN15$dOCLCO$dCGU$dUk
=042  \\$aukblderived
=043  \\$as-ag---
=050  \4$aF2848$b.H67 2012
=100  1\$aHorowicz, Alejandro,$d1949-
=245  14$aLas dictaduras argentinas :$bhistoria de una frustración nacional /$cAlejandro Horowicz.
=250  \\$a1. ed.
=260  \\$aBuenos Aires :$bEdhasa,$c2012.
=300  \\$a382 pages ;$c22 cm.
=336  \\$atext$2rdacontent
=337  \\$aunmediated$2rdamedia
=338  \\$avolume$2rdacarrier
=490  1\$aEnsayo
=504  \\$aIncludes bibliographical references (p. [371]-382).
=650  \0$aCivil-military relations$zArgentina$xHistory$y20th century.
=650  \0$aCoups d'état$zArgentina$xHistory$y20th century.
=651  \0$aArgentina$xPolitics and government$y20th century.
=651  \0$aArgentina$xArmed Forces$xPolitical activity$xHistory$y20th century.
=830  \0$aEnsayo (Edhasa (Firm))
=852  41$aBritish Library$bHMNTS$jYF.2013.a.13606
=856  41$uhttp://core.cambeiro.com.ar/0-125398-35.pdf
=CAT  \\$a8157$b40$c20130114$lBLL01$h1356
=CAT  \\$a5703$b40$c20130725$lBLL01$h1047
=FIN  \\$aY$d20130725
=FMT  \\$a  BK
=LAS  \\$a5703$b40$c20130725$lBLL01$h1047
=SID  \\$aZ39$bOCLC

