=LDR  01739 am a22004337a 4500
=001  016250539
=003  Uk
=005  20130528174224.0
=008  120113s2011\\\\ag\a\\\\\b\\\\000\0\spa\d
=020  \\$a9789872648145
=020  \\$a987264814X
=035  \\$a(OCoLC)778783665
=040  \\$aAR-BaFGC$cN15$dUk
=042  \\$aukblderived
=043  \\$as-ag---
=050  \4$aF2861$b.L36 2011
=100  1\$aLanteri, Sol.
=245  13$aUn vecindario federal :$bla construcción del orden rosista en la frontera sur de Buenos Aires : Azul y Tapalqué /$cSol Lanteri.
=250  \\$a1a. ed.
=260  \\$aCórdoba, República Argentinaa :$bCentro de Estudios Históricos "Prof. Carlos S. A. Segreti", unidad asociada al CONICET,$c2011.
=300  \\$a351 p. ;$c23 cm.
=336  \\$atext$2rdacontent
=337  \\$aunmediated$2rdamedia
=338  \\$avolume$2rdacarrier
=500  \\$aOriginally presented as the author's thesis (doctoral)--Universidad Nacional del Centro de la Provincia de Buenos Aires, 2009.
=504  \\$aIncludes bibliographical references (p. 217-345).
=650  \0$aLand settlement$zArgentina$zTapalqué$xHistory.
=650  \0$aLand settlement$zArgentina$zAzul$xHistory.
=651  \0$aBuenos Aires (Argentina : Province)$xBoundaries$xHistory$y19th century.
=651  \0$aAzul (Argentina)$xMilitia$xHistory$y19th century.
=651  \0$aTapalqué (Argentina)$xMilitia$xHistory$y19th century.
=852  41$aBritish Library$bHMNTS$jYF.2013.a.10239
=856  41$uhttp://core.cambeiro.com.ar/0-164829-0.pdf
=CAT  \\$a8157$b40$c20130114$lBLL01$h1358
=CAT  \\$a11002$b40$c20130528$lBLL01$h1742
=FIN  \\$aY$d20130528
=FMT  \\$a  BK
=LAS  \\$a11002$b40$c20130528$lBLL01$h1742
=SID  \\$aZ39$bOCLC

