=LDR  01429 am a22004097a 4500
=001  016250541
=003  Uk
=005  20130425112029.0
=008  120217s2011\\\\ag\\\\\\\b\\\\000\0\spa\d
=020  \\$a9789876143288
=020  \\$z987614328X
=035  \\$a(OCoLC)793328424$z(OCoLC)761857185
=040  \\$aAR-BaFGC$cN15$dBTCTA$dYDXCP$dBDX$dPL#$dI5B$dUk
=042  \\$aukblderived
=043  \\$as-cl---$as-ag---
=050  \4$aF3100$b.R63 2011
=100  1\$aRodríguez, Jesús,$d1955-
=245  13$aEl caso Chile :$bla Guerra Fría y la influencia argentina en la transición democrática /$cJesús Rodríguez.
=260  \\$aBuenos Aires :$bCapital Intelectual,$cc2011.
=300  \\$a163 p. ;$c21 cm.
=336  \\$atext$2rdacontent
=337  \\$aunmediated$2rdamedia
=338  \\$avolume$2rdacarrier
=504  \\$aIncludes bibliographical references (p. 157-163).
=650  \0$aDemocracy$zChile.
=651  \0$aChile$xPolitics and government$y1973-1988.
=651  \0$aChile$xForeign relations$zArgentina.
=651  \0$aArgentina$xForeign relations$zChile.
=651  \0$aChile$xForeign relations.
=852  41$aBritish Library$bHMNTS$jYF.2013.a.7901
=856  41$uhttp://core.cambeiro.com.ar/0-165487-0.pdf
=CAT  \\$a8157$b40$c20130114$lBLL01$h1359
=CAT  \\$a11131$b40$c20130425$lBLL01$h1120
=FIN  \\$aY$d20130425
=FMT  \\$a  BK
=LAS  \\$a11131$b40$c20130425$lBLL01$h1120
=SID  \\$aZ39$bOCLC

