=LDR  01323 am a2200385 a 4500
=001  016250559
=003  Uk
=005  20130724114946.0
=008  120605s2012\\\\ag\\\\\\\\\\\\001\0dspa\d
=020  \\$a9789500738811
=020  \\$a9500738813
=035  \\$a(OCoLC)800333284
=040  \\$aAR-BaFGC$cN15$dOCLCO$dNYP$dUk
=042  \\$aukblderived
=043  \\$as-ag---
=050  \4$aF2849.2$b.B37 2012
=100  1\$aBasconi, Andrea,$d1967-
=245  10$aElena Holmberg :$bla mujer que sabía demasiado : el crimen que desnuda la interna de la dictadura militar /$cAndrea Basconi.
=260  \\$aBuenos Aires :$bSudamericana,$cc2012.
=300  \\$a251 pages ;$c23 cm
=336  \\$atext$2rdacontent
=337  \\$aunmediated$2rdamedia
=338  \\$avolume$2rdacarrier
=500  \\$aIncludes index.
=600  10$aHolmberg, Elena,$d1931-1978$xAssassination.
=650  \0$aVictims of state-sponsored terrorism$zArgentina$xHistory$y20th century.
=651  \0$aArgentina$xPolitics and government$y1955-1983.
=852  41$aBritish Library$bHMNTS$jYF.2013.a.13599
=856  41$uhttp://core.cambeiro.com.ar/0-109555-72.pdf
=CAT  \\$a8157$b40$c20130114$lBLL01$h1407
=CAT  \\$a5703$b40$c20130724$lBLL01$h1149
=FIN  \\$aY$d20130724
=FMT  \\$a  BK
=LAS  \\$a5703$b40$c20130724$lBLL01$h1149
=SID  \\$aZ39$bOCLC

