=LDR  03068 am a22004457a 4500
=001  016250561
=003  Uk
=005  20130528164426.0
=008  120704s2012\\\\ag\a\\\\\b\\\f000\0\spa\d
=020  \\$a9789875745414
=020  \\$a9875745413
=035  \\$a(OCoLC)811124211
=040  \\$aAR-BaFGC$beng$cN15$dNOC$dUk
=042  \\$aukblderived
=043  \\$as-ag---
=050  \4$aF2810$b.T74 2012
=245  00$aTres momentos de la cultura argentina :$b1810, 1910, 2010 /$cGraciela Batticuore y Sandra Gayol, compiladoras.
=260  \\$aBuenos Aires :$bPrometeo Libros ;$aLos Polvorines, Prov. de Buenos Aires, Argentina :$bUniversidad Nacional de General Sarmiento,$cc2012.
=300  \\$a343 p. :$bill. ;$c22 cm.
=336  \\$atext$2rdacontent
=337  \\$aunmediated$2rdamedia
=338  \\$avolume$2rdacarrier
=490  1\$aColección Humanidades. Serie Bicentenarios
=504  \\$aIncludes bibliographical references.
=505  0\$aNuevos textos, nuevos (y viejos) lectores: la representación del público en los periódicos desde 1801 a 1810 / Pablo Martinez Gramuglia -- Autores y auditorios en los sermones patrióticos, 1810-1824 / Rosalía Baltar -- Los insultos de la Revolución, Buenos Aires, 1806-1820 / María Alejandra Fernández -- Los libros de la revolución / Graciela Batticuore -- Revoluciones textuales: formación canónica y conmemoración política en Argentina / Fernando Degiovanni -- Editar la nación: bicentenario argentino en Frankfurt / Gustavo Sorá -- La guerra del desierto: de la antigua abnegación a la tecnología prusiana, 1810-1910 / Claudia Torre -- "Ofrecer su identidad": un balance de las transformaciones en la identificación individual en torno al Centenario / Mercedes García Ferrari -- La flexibilidad de la ley frente a su aparente rigidez: criterios para administrar justicia hacia el Centenario / Gisela Sedeillán -- "A cada uno según sus obras": promesas de inclusión y representaciones de la alteridad social en los libros de lectura para la escuela primaria, 1884-1910 / María Carolina Zapiola -- La imagen didáctica: iconografía de los héroes y los hechos gloriosos, 1810-1910-2010 / Roberto Amigo -- ¿Qué ha sido de la ciudad moderna?: sensaciones urbanas y ficciones argentinas / Alejandra Laera -- Consumo y economía argentina en tres momentos de la historia nacional: 1910-1910-2010 / Fernando Rocchi.
=651  \0$aArgentina$xCivilization.
=651  \0$aArgentina$xIntellectual life.
=651  \0$aArgentina$xHistory.
=700  1\$aBatticuore, Graciela,$d1966-
=700  1\$aGayol, Sandra.
=830  \0$aColección Humanidades (Prometeo Libros (Firm)).$pSerie Bicentenarios.
=852  41$aBritish Library$bHMNTS$jYF.2013.a.10237
=856  41$uhttp://core.cambeiro.com.ar/0-160655-3.pdf
=CAT  \\$a8157$b40$c20130114$lBLL01$h1408
=CAT  \\$a11002$b40$c20130528$lBLL01$h1644
=CAT  \\$aBATCH-UPD$b40$c20200901$lBLL01$h2313
=FIN  \\$aY$d20130528
=FMT  \\$a  BK
=LAS  \\$aBATCH-UPD$b40$c20200901$lBLL01$h2313
=SID  \\$aZ39$bOCLC

