=LDR  01407 am a2200433 a 4500
=001  016250564
=003  Uk
=005  20130725081837.0
=008  120608s2012\\\\ag\a\\\\\b\\\\000\0\spa\d
=020  \\$a9789876281546
=020  \\$a9876281542
=035  \\$a(OCoLC)813226781
=040  \\$aAR-BaFGC$beng$cN15$dOCLCQ$dCOO$dNOC$dUk
=042  \\$aukblderived
=043  \\$as-ag---
=050  \4$aF2846$b.S23 2012
=245  04$aLos saberes del Estado /$cMariano Ben Plotkin, Eduardo Zimmermann, compiladores.
=250  \\$a1. ed.
=260  \\$aBuenos Aires :$bEdhasa,$c2012.
=300  \\$a250 pages :$billustrations ;$c23 cm.
=336  \\$atext$2rdacontent
=337  \\$aunmediated$2rdamedia
=338  \\$avolume$2rdacarrier
=490  1\$aEnsayo
=504  \\$aIncludes bibliographical references (p. [223]-247).
=650  \0$aState, The.
=651  \0$aArgentina$xPolitics and government$y1860-1910.
=651  \0$aArgentina$xPolitics and government$y20th century.
=700  1\$aPlotkin, Mariano Ben,$d1961-
=700  1\$aZimmermann, Eduardo A.
=830  \0$aEnsayo (Edhasa (Firm))
=852  41$aBritish Library$bHMNTS$jYF.2013.a.13600
=856  41$uhttp://core.cambeiro.com.ar/0-125398-33.pdf
=CAT  \\$a8157$b40$c20130114$lBLL01$h1409
=CAT  \\$a5703$b40$c20130725$lBLL01$h0818
=FIN  \\$aY$d20130725
=FMT  \\$a  BK
=LAS  \\$a5703$b40$c20130725$lBLL01$h0818
=SID  \\$aZ39$bOCLC

