=LDR  01811 am a2200457 a 4500
=001  016250566
=003  Uk
=005  20130528170558.0
=008  120827s2012\\\\ag\a\\\\\b\\\\000\0\spa\d
=020  \\$a9789876292191
=020  \\$a9876292196
=035  \\$a(OCoLC)813226821
=040  \\$aAR-BaFGC$cN15$dOCLCQ$dNOC$dUk
=042  \\$aukblderived
=043  \\$as-ag---
=050  \4$aHV6885.B84$bC35 2012
=100  1\$aCaimari, Lila M.,$d1962-
=245  10$aMientras la ciudad duerme :$bpistoleros, policías y periodistas en Buenos Aires, 1920-1945 /$cLila M. Caimari.
=260  \\$aBuenos Aires :$bSiglo Veintiuno Editores,$cc2012.
=300  \\$a243, [2] p. :$bill. ;$c23 cm.
=336  \\$atext$2rdacontent
=337  \\$aunmediated$2rdamedia
=338  \\$avolume$2rdacarrier
=490  1\$aHistoria y cultura ;$v50
=504  \\$aIncludes bibliographical references (p. [219-245]).
=650  \0$aCrime$zArgentina$zBuenos Aires$xHistory$y20th century.
=650  \0$aCrime$zArgentina$zBuenos Aires$xSociological aspects$xHistory$y20th century.
=650  \0$aPolice$zArgentina$zBuenos Aires$xHistory$y20th century.
=650  \0$aCrime and the press$zArgentina$zBuenos Aires$xHistory$y20th century.
=650  \0$aMass media and crime$zArgentina$zBuenos Aires$xHistory$y20th century.
=830  \0$aColección Historia y cultura (Siglo Veintiuno Argentina Editores) ;$v50.
=852  41$aBritish Library$bHMNTS$jYF.2013.a.10189
=856  41$uhttp://core.cambeiro.com.ar/0-108756-50.pdf
=CAT  \\$a8157$b40$c20130114$lBLL01$h1411
=CAT  \\$a11002$b40$c20130528$lBLL01$h1705
=CAT  \\$aBATCH-UPD$b40$c20150313$lBLL01$h0959
=CAT  \\$aBATCH-UPD$b40$c20160611$lBLL01$h0019
=FIN  \\$aY$d20130528
=FMT  \\$a  BK
=LAS  \\$aBATCH-UPD$b40$c20160611$lBLL01$h0019
=SID  \\$aZ39$bOCLC

