=LDR  01537 am a22004334i 4500
=001  016250574
=003  Uk
=005  20130430142353.0
=008  120613s2012\\\\sp\\\\\\\b\\\\000\0\spa\d
=020  \\$a9789501525526
=020  \\$a950152552X
=035  \\$a(OCoLC)810290690
=040  \\$aAR-BaFGC$beng$cN15$dOCLCO$dKKU$dGZM$dUk$erda
=042  \\$aukblderived
=043  \\$as-ag---
=100  1\$aSenén González, Santiago.
=245  13$aLa lucha continúa ... :$b200 años de historia sindical en la Argentina /$cSantiago Senén González, Fabián Bosoer.
=246  3\$aLucha continúa ... :$bDoscientos años de historia sindical en la Argentina
=250  \\$a1ra edición.
=264  \1$aBarcelona :$bVergara, Grupo Zeta,$c[2012]
=300  \\$a445 pages ;$c23 cm.
=336  \\$atext$btxt$2rdacontent
=337  \\$aunmediated$bn$2rdamedia
=338  \\$avolume$bnc$2rdacarrier
=490  1\$aBiografía e historia
=504  \\$aIncludes bibliographical references (pages [441]-445).
=650  \0$aLabor unions$zArgentina$xHistory.
=700  1\$aBosoer, Fabián.
=830  \0$aBiografía e historia.
=852  41$aBritish Library$bHMNTS$jYF.2013.a.8287
=856  41$uhttp://core.cambeiro.com.ar/0-1180-66.pdf
=CAT  \\$a8157$b40$c20130114$lBLL01$h1414
=CAT  \\$a10904$b40$c20130430$lBLL01$h1421
=CAT  \\$a10904$b40$c20130430$lBLL01$h1422
=CAT  \\$a10904$b40$c20130430$lBLL01$h1423
=FIN  \\$aY$d20130430
=FMT  \\$a  BK
=LAS  \\$a10904$b40$c20130430$lBLL01$h1423
=SID  \\$aZ39$bOCLC

