=LDR  01434 am a22004217a 4500
=001  016250580
=003  Uk
=005  20130322084228.0
=008  120515s2012\\\\ag\a\\\\\b\\\\000\0\spa\d
=020  \\$a9789507869761
=020  \\$z950786976X
=035  \\$a(OCoLC)798213237
=040  \\$aAR-BaFGC$cN15$dOCLCO$dI5B$dNOC$dUk
=042  \\$aukblderived
=043  \\$as-ag---
=050  \4$aTR685$b.B47 2012
=100  1\$aBertúa, Paula.
=245  13$aLa cámara en el umbral de lo sensible :$bGrete Stern y la revista Idilio, 1948-1951 /$cPaula Bertúa.
=260  \\$aBuenos Aires :$bEditorial Biblos,$cc2012.
=300  \\$a196 p. :$bill. ;$c20 cm.
=336  \\$atext$2rdacontent
=337  \\$aunmediated$2rdamedia
=338  \\$avolume$2rdacarrier
=490  1\$aColección Artes y medios
=504  \\$aIncludes bibliographical references (p. 181-196).
=600  10$aStern, Grete,$d1904-1999.$tSueños.
=630  00$aIdilio (Buenos Aires, Argentina),$nEl psicoanálisis te ayudará.
=650  \0$aPhotomontage$zArgentina.
=650  \0$aPhotography, Artistic.
=830  \0$aColección Artes y medios.
=852  41$aBritish Library$bHMNTS$jYF.2013.a.5482
=856  41$uhttp://core.cambeiro.com.ar/0-148061-6.pdf
=CAT  \\$a8157$b40$c20130114$lBLL01$h1416
=CAT  \\$a11131$b40$c20130322$lBLL01$h0842
=FIN  \\$aY$d20130322
=FMT  \\$a  BK
=LAS  \\$a11131$b40$c20130322$lBLL01$h0842
=SID  \\$aZ39$bOCLC

