=LDR  01449 am a22004217a 4500
=001  016250584
=003  Uk
=005  20130425105845.0
=008  120808s2012\\\\ag\a\\\\\b\\\\000\0dspa\d
=020  \\$a9789875972094
=020  \\$z9875972096
=035  \\$a(OCoLC)813226840
=040  \\$aAR-BaFGC$cN15$dOCLCQ$dGUA$dUk
=042  \\$aukblderived
=043  \\$as-ag---
=050  \4$aPN1995$b.G85 2012
=100  1\$aGuiamet, Ricardo,$d1959-
=245  10$aCine silente vs. cine mudo :$bel primitivo cine gauchesco santafesino /$cRicardo Guiamet.
=250  \\$a1. ed.
=260  \\$a[Rosario, Argentina] :$bEditorial Ciudad Gótica,$c2012.
=300  \\$a91 p. :$bill. ;$c20 cm.
=336  \\$atext$2rdacontent
=337  \\$aunmediated$2rdamedia
=338  \\$avolume$2rdacarrier
=490  1\$aColección Estación cine ;$vno. 16.$aApuntes cinéfilos
=504  \\$aIncludes bibliographical references (p. 91).
=650  \0$aMotion pictures$zArgentina$zSanta Fe$xHistory.
=650  \0$aSilent films$zArgentina$zSanta Fe$xHistory.
=830  \0$aEstación cine ;$vno. 16.
=830  \0$aEstación cine.$pApuntes cinéfilos.
=852  41$aBritish Library$bHMNTS$jYF.2013.a.7949
=856  41$uhttp://core.cambeiro.com.ar/0-166659-1.pdf
=CAT  \\$a8157$b40$c20130114$lBLL01$h1418
=CAT  \\$a11131$b40$c20130425$lBLL01$h1058
=FIN  \\$aY$d20130425
=FMT  \\$a  BK
=LAS  \\$a11131$b40$c20130425$lBLL01$h1058
=SID  \\$aZ39$bOCLC

