=LDR  02138 am a22004457a 4500
=001  016250590
=003  Uk
=005  20130528164237.0
=008  120613s2011\\\\ag\\\\\\\b\\\\000\0\spa\d
=020  \\$a9789508452528
=020  \\$a9508452528
=035  \\$a(OCoLC)800333394
=040  \\$aAR-BaFGC$cN15$dOCLCO$dCOD$dTJC$dUk
=042  \\$aukblderived
=043  \\$as-ag---
=050  \4$aPN4390$b.G56 2011
=100  1\$aGiordano, Alberto,$d1959-
=245  13$aLa contraseña de los solitarios :$bdiarios de escritores /$cAlberto Giordano.
=250  \\$a1. ed.
=260  \\$a[Rosario, Argentina?] :$bBeatriz Viterbo Editora,$c2011.
=300  \\$a147 p. ;$c20 cm.
=336  \\$atext$2rdacontent
=337  \\$aunmediated$2rdamedia
=338  \\$avolume$2rdacarrier
=490  1\$aEnsayos críticos ;$v51
=504  \\$aIncludes bibliographical references (p. 145).
=505  0\$aRicardo Güiraldes en su Diario : los ejercicios espiritua les de un hombre de letras -- Más acá de la literatura : espiritualidad y moral cristiana en el diario de Rodolfo Walsh -- El desierto en la intimidad : sobre el diario inédito de Juan B. Ritvo -- Un escritor en souffrance : sobre los diarios inéditos de Roger Pla -- Vida y obra : Roland Barthes y la escritura del Diario -- Virginia Woolf y el arte de la notación superficial -- Llevar un diario, escribir una vida : a partir de Virginia Woolf en su diario -- En tránsito a ningún lugar : sobre Diario de una pasajera de Ágata Gligo.
=650  \0$aDiaries$xHistory and criticism.
=650  \0$aAuthors, Argentine$xDiaries$xHistory and criticism.
=650  \0$aArgentine literature$y20th century$xHistory and criticism.
=650  \0$aLiterature, Modern$y20th century$xHistory and criticism.
=830  \0$aEnsayos críticos (Rosario, Argentina) ;$v52.
=852  41$aBritish Library$bHMNTS$jYF.2013.a.10238
=856  41$uhttp://core.cambeiro.com.ar/0-77522-52.pdf
=CAT  \\$a8157$b40$c20130114$lBLL01$h1421
=CAT  \\$a11002$b40$c20130528$lBLL01$h1642
=FIN  \\$aY$d20130528
=FMT  \\$a  BK
=LAS  \\$a11002$b40$c20130528$lBLL01$h1642
=SID  \\$aZ39$bOCLC

