=LDR  01579 am a2200445 i 4500
=001  016250603
=003  Uk
=005  20141021153929.0
=008  120706s2011\\\\ag\a\\\\\b\\\\000\0|spa\d
=010  \\$a  2012377656
=020  \\$a9789872710620 (paperback)
=020  \\$a9872710627 (paperback)
=035  \\$a(OCoLC)805394336
=040  \\$aAR-BaFGC$beng$cDLC$dN15$dOCLCO$dNYP$dOCLCF$dUk$erda
=042  \\$aukblsr
=050  00$aAC75$b.L446 2011
=100  1\$aLiendivit, Zenda,$d1961-$eauthor.
=245  13$aEl centro y los vértices :$btextos e imágenes de la vida moderna /$cZenda Liendivit.
=250  \\$a1° edición: noviembre 2011.
=264  \1$a[Buenos Aires?] :$bContratiempo Ediciones,$cnoviembre 2011.
=300  \\$a178 pages :$billustrations (black and white) ;$c21 cm
=336  \\$atext$2rdacontent
=336  \\$astill image$2rdacontent
=337  \\$aunmediated$2rdamedia
=338  \\$avolume$2rdacarrier
=504  \\$aIncludes bibliographical references.
=650  \0$aLife$vMiscellanea.
=852  41$aBritish Library$bHMNTS$jYF.2014.a.23292
=856  41$uhttp://core.cambeiro.com.ar/0-164788-0.pdf
=CAT  \\$a8157$b40$c20130114$lBLL01$h1426
=CAT  \\$a11131$b40$c20140819$lBLL01$h1422
=CAT  \\$a11131$b40$c20140819$lBLL01$h1426
=CAT  \\$a6066$b40$c20141021$lBLL01$h1451
=CAT  \\$a6066$b40$c20141021$lBLL01$h1454
=CAT  \\$a6066$b40$c20141021$lBLL01$h1539
=CAT  \\$aBATCH-UPD$b40$c20151121$lBLL01$h1729
=FIN  \\$aY$d20141021
=FMT  \\$a  BK
=LAS  \\$aBATCH-UPD$b40$c20151121$lBLL01$h1729
=SID  \\$aZ39$bOCLC

