=LDR  01185 am a22003497a 4500
=001  016250614
=003  Uk
=005  20130425112457.0
=008  120112s2011\\\\ag\af\\\\b\\\\000\0\spa\d
=020  \\$z9789870250227
=035  \\$a(OCoLC)798213414
=040  \\$aAR-BaFGC$cN15$dOCLCO$dUk
=042  \\$aukblderived
=043  \\$as-ag---
=050  \4$aPN2452.T8$bT67 2011
=100  1\$aTossi, Mauricio.
=245  10$aPoéticas y formaciones teatrales en el noroeste argentino :$bTucumán, 1954-1976 /$cMauricio Tossi.
=260  \\$aBuenos Aires :$bDunken,$c2011.
=300  \\$a543 p., [22] of plates :$bill. ;$c23 cm.
=336  \\$atext$2rdacontent
=337  \\$aunmediated$2rdamedia
=338  \\$avolume$2rdacarrier
=504  \\$aIncludes bibliographical references (p. [517]-543).
=650  \0$aTheater$zArgentina$zSan Miguel de Tucumán$xHistory$y20th century.
=852  41$aBritish Library$bHMNTS$jYF.2013.a.7904
=856  41$uhttp://core.cambeiro.com.ar/0-162656-0.pdf
=CAT  \\$a8157$b40$c20130114$lBLL01$h1430
=CAT  \\$a11131$b40$c20130425$lBLL01$h1124
=FIN  \\$aY$d20130425
=FMT  \\$a  BK
=LAS  \\$a11131$b40$c20130425$lBLL01$h1124
=SID  \\$aZ39$bOCLC

