=LDR  01186 am a22003737a 4500
=001  016250620
=003  Uk
=005  20130926094323.0
=008  120216s2011\\\\ag\\\\\\\b\\\\000\0\spa\d
=020  \\$a9789876344180
=020  \\$a9876344188
=035  \\$a(OCoLC)793328410
=040  \\$aAR-BaFGC$cN15$dYDXCP$dUk
=042  \\$aukblderived
=050  \4$aPN167$b.B35 2011
=100  1\$aBajarlía, Juan-Jacobo.
=245  13$aEl libro de los plagios /$cJuan Jacobo Bajarlía ; [estudio preliminar de Elsa Drucaroff].
=260  \\$aCiudad de Buenos Aires :$bEdiciones Lea,$cc2011.
=300  \\$a126 p. ;$c23 cm.
=336  \\$atext$2rdacontent
=337  \\$aunmediated$2rdamedia
=338  \\$avolume$2rdacarrier
=490  0\$aColección Filo y contrafilo
=504  \\$aIncludes bibliographical references.
=650  \0$aPlagiarism.
=650  \0$aLiterary ethics.
=852  41$aBritish Library$bHMNTS$jYF.2013.a.18355
=856  41$uhttp://core.cambeiro.com.ar/0-131992-14.pdf
=CAT  \\$a8157$b40$c20130114$lBLL01$h1431
=CAT  \\$a11002$b40$c20130926$lBLL01$h0943
=FIN  \\$aY$d20130926
=FMT  \\$a  BK
=LAS  \\$a11002$b40$c20130926$lBLL01$h0943
=SID  \\$aZ39$bOCLC

