=LDR  01494 am a2200421 a 4500
=001  016250628
=003  Uk
=005  20130529105147.0
=008  120409s2011\\\\ag\\\\\\\b\\\f000\0\spa\d
=020  \\$a9789876576161
=020  \\$a987657616X
=035  \\$a(OCoLC)798213355
=040  \\$aAR-BaFGC$cN15$dOCLCO$dHLS$dUk
=041  0\$aspa$apor
=042  \\$aukblderived
=043  \\$acl-----
=050  \4$aPN878$b.L56 2011
=245  00$aLindes actuales de la literatura comparada /$cAdriana Crolla [compiladora] ; comisión de referato, Rolando Costa Picazo ... [et al.].
=260  \\$aSanta Fe, Argentina :$bEdiciones UNL, Secretaría de Extensión, Universidad Nacional del Litoral,$c2011.
=300  \\$a338 p. ;$c24 cm.
=336  \\$atext$2rdacontent
=337  \\$aunmediated$2rdamedia
=338  \\$avolume$2rdacarrier
=490  0\$aLiteratura
=504  \\$aIncludes bibliographical references.
=546  \\$aTexts chiefly in Spanish, one in Portuguese.
=650  \0$aComparative literature.
=650  \0$aLatin American literature$y20th century$xHistory and criticism.
=650  \0$aLiterature, Modern$xHistory and criticism.
=700  1\$aCrolla, Adriana.
=852  41$aBritish Library$bHMNTS$jYF.2013.a.10187
=856  41$uhttp://core.cambeiro.com.ar/0-130602-7.pdf
=CAT  \\$a8157$b40$c20130114$lBLL01$h1435
=CAT  \\$a11002$b40$c20130529$lBLL01$h1051
=FIN  \\$aY$d20130529
=FMT  \\$a  BK
=LAS  \\$a11002$b40$c20130529$lBLL01$h1051
=SID  \\$aZ39$bOCLC

