=LDR  01476 am a2200409 a 4500
=001  016250693
=003  Uk
=005  20130725102646.0
=008  120815s2011\\\\ag\\\\\\\b\\\\000\0\spa\d
=020  \\$a9789875912779
=020  \\$a9875912778
=035  \\$a(OCoLC)818843582
=040  \\$aAR-BaFGC$cN15$dOCLCO$dUk
=042  \\$aukblderived
=043  \\$as-ag---
=050  \4$aPQ7707.D48$bL58 2011
=245  00$aLiteratura y cultura :$bla lectura como práctica de investigación y docencia universitaria /$cMaría Lidia Fassi [directora].
=250  \\$a1o ed.
=260  \\$aCórdoba, Argentina :$bEditorial Brujas,$cc2011.
=300  \\$a221 pages ;$c25 cm
=336  \\$atext$2rdacontent
=337  \\$aunmediated$2rdamedia
=338  \\$avolume$2rdacarrier
=504  \\$aIncludes bibliographical references.
=650  \0$aDetective and mystery stories, Argentine$xHistory and criticism.
=650  \0$aArgentine literature$y20th century$xHistory and criticism.
=650  \0$aLiterature and society$zArgentina.
=700  1\$aFassi, María Lidia.
=710  2\$aUniversidad Nacional de Córdoba.$bCátedra de Teoría y Metodología Literaria I.
=852  41$aBritish Library$bHMNTS$jYF.2013.a.13596
=856  41$uhttp://core.cambeiro.com.ar/0-164730-0.pdf
=CAT  \\$a8157$b40$c20130114$lBLL01$h1517
=CAT  \\$a5703$b40$c20130725$lBLL01$h1026
=FIN  \\$aY$d20130725
=FMT  \\$a  BK
=LAS  \\$a5703$b40$c20130725$lBLL01$h1026
=SID  \\$aZ39$bOCLC

