=LDR  01788 am a2200385 a 4500
=001  016250718
=003  Uk
=005  20130425120403.0
=008  120718s2012\\\\ag\\\\\\\b\\\\000\0\spa\c
=020  \\$a9789500519939
=020  \\$z9500519933
=035  \\$a(OCoLC)811124219
=040  \\$aAR-BaFGC$cN15$dPL#$dI5B$dTJC$dUk
=042  \\$aukblderived
=043  \\$as-ag---
=050  \4$aPQ7703$b.N68 2012
=245  03$aLa novela argentina :$bexperiencia y tradición /$ccompilación, edición e introducción, Mónica Bueno ; prólogo, Ricardo Piglia.
=260  \\$aBs. As. [i. e. Buenos Aires] :$bCorregidor,$cc2012.
=300  \\$a139 p. ;$c20 cm.
=336  \\$atext$2rdacontent
=337  \\$aunmediated$2rdamedia
=338  \\$avolume$2rdacarrier
=504  \\$aIncludes bibliographical references.
=505  0\$aPrólogo / Ricardo Piglia -- Introducción / Mónica Bueno -- Experiencia y forma en Museo de la novela de la eterna / Mónica Bueno -- Ricardo Piglia y la máquina de la ficción / Maria Antonieta Pereira -- Plata quemada en retrospectiva / Jorge Fornet -- Juan José Saer : La grande : comunidad, memoria e historia / Graciela Ravetti -- César Aira : el punto de inicio / Nancy Fernández -- Sergio Chejfec : un estilo vagabundo y fuera de casa / Edgardo H. Berg.
=650  \0$aArgentine fiction$y20th century$xHistory and criticism.
=650  \0$aArgentine fiction$y21st century$xHistory and criticism.
=700  1\$aBueno, Mónica.
=852  41$aBritish Library$bHMNTS$jYF.2013.a.7907
=856  41$uhttp://core.cambeiro.com.ar/0-166488-0.pdf
=CAT  \\$a8157$b40$c20130114$lBLL01$h1542
=CAT  \\$a11131$b40$c20130425$lBLL01$h1204
=FIN  \\$aY$d20130425
=FMT  \\$a  BK
=LAS  \\$a11131$b40$c20130425$lBLL01$h1204
=SID  \\$aZ39$bOCLC

