=LDR  01697 am a2200481 a 4500
=001  016250724
=003  Uk
=005  20130425105235.0
=008  120531s2012\\\\ag\\\\\\\b\\\\000\0\spa\d
=020  \\$a9789505639779
=020  \\$z9505639775
=035  \\$a(OCoLC)805394202
=040  \\$aAR-BaFGC$cN15$dOCLCO$dTJC$dUk
=042  \\$aukblderived
=043  \\$as-ag---
=050  \4$aPQ7652$b.G669 2012
=100  1\$aGonzález, Horacio,$d1944-2021.
=245  10$aLengua del ultraje :$bde la generación del 37 a David Viñas /$cHoracio González.
=246  30$aDe la generación del 37 a David Viñas
=260  \\$aBuenos Aires, Argentina :$bColihue,$c[2012]
=300  \\$a318 p. ;$c22 cm.
=336  \\$atext$2rdacontent
=337  \\$aunmediated$2rdamedia
=338  \\$avolume$2rdacarrier
=490  1\$aPuñaladas : ensayos de punta
=490  1\$aSerie Mayor
=504  \\$aIncludes bibliographical references.
=650  \0$aArgentine literature$y19th century$xHistory and criticism.
=650  \0$aArgentine literature$y20th century$xHistory and criticism.
=650  \0$aLiterature and society$zArgentina$xHistory.
=650  \0$aPolitics and literature$zArgentina$xHistory.
=830  \0$aPuñaladas.
=830  \0$aSerie mayor (Ediciones Colihue)
=852  41$aBritish Library$bHMNTS$jYF.2013.a.7945
=856  41$uhttp://core.cambeiro.com.ar/0-72529-15.pdf
=CAT  \\$a8157$b40$c20130114$lBLL01$h1545
=CAT  \\$a11131$b40$c20130425$lBLL01$h1052
=CAT  \\$aBATCH-UPD$b40$c20151114$lBLL01$h1733
=CAT  \\$aBATCH-UPD$b40$c20210625$lBLL01$h2049
=FIN  \\$aY$d20130425
=FMT  \\$a  BK
=LAS  \\$aBATCH-UPD$b40$c20210625$lBLL01$h2049
=SID  \\$aZ39$bOCLC

