=LDR  01372 am a2200397 a 4500
=001  016250749
=003  Uk
=005  20130425121143.0
=008  120515s2012\\\\ag\\\\\\\b\\\\000\0\spa\d
=020  \\$a9789507869945
=020  \\$z9507869948
=035  \\$a(OCoLC)798213227
=040  \\$aAR-BaFGC$cN15$dOCLCO$dNYP$dUk
=042  \\$aukblderived
=043  \\$as------
=050  \4$aP302.77$b.U53 2012
=245  00$aUnasur y sus discursos :$bintegración regional, amenaza externa, Malvinas /$cElvira Narvaja de Arnoux ... [et al.].
=260  \\$aBuenos Aires :$bEditorial Biblos,$cc2012.
=300  \\$a228 p. ;$c23 cm.
=336  \\$atext$2rdacontent
=337  \\$aunmediated$2rdamedia
=338  \\$avolume$2rdacarrier
=490  1\$aCiencias del lenguaje
=504  \\$aIncludes bibliographical references.
=610  20$aUnión de Naciones Suramericanas.
=650  \0$aDiscourse analysis$xPolitical aspects$zSouth America.
=651  \0$aSouth America$xPolitics and government$y21st century.
=830  \0$aCiencias del lenguaje (Editorial Biblos)
=852  41$aBritish Library$bHMNTS$jYF.2013.a.7931
=856  41$uhttp://core.cambeiro.com.ar/0-137100-8.pdf
=CAT  \\$a8157$b40$c20130114$lBLL01$h1600
=CAT  \\$a11131$b40$c20130425$lBLL01$h1211
=FIN  \\$aY$d20130425
=FMT  \\$a  BK
=LAS  \\$a11131$b40$c20130425$lBLL01$h1211
=SID  \\$aZ39$bOCLC

