=LDR  01846 am a22004937i 4500
=001  016250753
=003  Uk
=005  20150514144217.0
=008  121018t20122012ag\\\\\\\b\\\\000\f\spa\d
=010  \\$a  2012533194
=020  \\$a9789871556823 (Argentina)
=020  \\$a9871556829 (Argentina)
=020  \\$a9788492857685 (España)
=020  \\$a8492857684 (España)
=035  \\$a(OCoLC)832821112$z(OCoLC)818318840
=040  \\$aAR-BaFGC$beng$cN15$dOCLCO$dDLC$dYDXCP$dBTCTA$dIXA$dUk$erda
=042  \\$aukblderived
=050  \4$aPQ7797.V27$bC5 2012
=100  1\$aWaleis, Raúl,$d1845-1911,$eauthor.
=245  10$aClemencia /$cRaúl Waleis ; edición, notas y posfacio de Román Setton.
=250  \\$afirst edition en Argentina, first edition en Espana.
=264  \1$aBuenos Aires :$bAdriana Hidalgo Editora,$c[2012]
=264  \4$c©2012
=300  \\$a302 pages ;$c20 cm.
=336  \\$atext$btxt$2rdacontent
=337  \\$aunmediated$bn$2rdamedia
=338  \\$avolume$bnc$2rdacarrier
=490  1\$aLa lengua. Rescates
=500  \\$aSequel to: La huella del crimen.
=500  \\$aOriginally published: Buenos Aires, Impr. y librerías de Mayo, 1877. (Biblioteca económica de autores nacionales).
=504  \\$aIncludes bibliographical references (pages 297-301).
=700  1\$aSetton, Román,$eeditor.
=700  1\$isequel to$aWaleis, Raúl,$d1845-1911.$tHuella del crimen.
=740  02$aHuella del crimen.
=830  \0$aLengua.$pRescates.
=852  41$aBritish Library$bHMNTS$jYF.2015.a.9688
=856  41$uhttp://core.cambeiro.com.ar/0-93634-5.pdf
=CAT  \\$a8157$b40$c20130114$lBLL01$h1603
=CAT  \\$a11131$b40$c20150514$lBLL01$h1442
=CAT  \\$aBATCH-UPD$b40$c20151202$lBLL01$h0559
=FIN  \\$aY$d20150514
=FMT  \\$a  BK
=LAS  \\$aBATCH-UPD$b40$c20151202$lBLL01$h0559
=SID  \\$aZ39$bOCLC

