=LDR  01536 am a22004457a 4500
=001  016250758
=003  Uk
=005  20130430120459.0
=008  120910s2012\\\\ag\\\\\\\b\\\\000\0dspa\d
=020  \\$a9789871556854 (Argentina)
=020  \\$a9871556853 (Argentina)
=020  \\$a9788492857715 (España)
=020  \\$a8492857714 (España)
=035  \\$a(OCoLC)818843610$z(OCoLC)807041525
=040  \\$aAR-BaFGC$cN15$dOCLCO$dC3L$dBTCTA$dYDXCP$dUk
=042  \\$aukblderived
=050  \4$aPQ7798.21$b.A5 2012
=082  14$a861$221
=100  1\$aKamenszain, Tamara,$d1947-
=240  10$aPoems
=245  13$aLa novela de la poesía :$bpoesía reunida /$cTamara Kamenszain ; edición al cuidado de Violeta Kesselman ; prólogo de Enrique Foffani.
=250  \\$a1a ed. en Argentina.
=260  \\$aBuenos Aires :$bAdriana Hidalgo Editora,$cc2012.
=300  \\$a398 p. ;$c23 cm.
=336  \\$atext$2rdacontent
=337  \\$aunmediated$2rdamedia
=338  \\$avolume$2rdacarrier
=490  0\$aLa lengua. Poesía
=504  \\$aIncludes bibliographical references (p. 395-398).
=650  \0$aArgentine poetry$y20th century.
=650  \0$aArgentine poetry$y21st century.
=700  1\$aKesselman, Violeta.
=852  41$aBritish Library$bHMNTS$jYF.2013.a.8276
=856  41$uhttp://core.cambeiro.com.ar/0-83951-19.pdf
=CAT  \\$a8157$b40$c20130114$lBLL01$h1606
=CAT  \\$a10904$b40$c20130430$lBLL01$h1204
=FIN  \\$aY$d20130430
=FMT  \\$a  BK
=LAS  \\$a10904$b40$c20130430$lBLL01$h1204
=SID  \\$aZ39$bOCLC

