=LDR  01403 am a2200421 a 4500
=001  016323070
=003  Uk
=005  20130724110538.0
=008  121005s2012\\\\ag\\\\\\\b\\\\000\0\spa\d
=020  \\$a9789872606985
=020  \\$a9872606986
=035  \\$a(OCoLC)834971721
=040  \\$aAR-BaFGC$cN15$dOCLCO$dUk
=042  \\$aukblderived
=043  \\$alsfk---$as-ag---
=050  \4$aF3031.5$b.C366 2012
=100  1\$aCano, Alfredo A.
=245  10$aRecuerdos transporteros :$bMalvinas 1982 /$cAlfredo A. Cano.
=250  \\$a1. ed.
=260  \\$a[Buenos Aires?] :$bEdiciones Argentinidad,$c[2012?]
=300  \\$a270 pages ;$c23 cm.
=336  \\$atext$2rdacontent
=337  \\$aunmediated$2rdamedia
=338  \\$avolume$2rdacarrier
=490  0\$aColección Malvinas
=504  \\$aIncludes bibliographical references (p. [269]-270).
=650  \0$aFalkland Islands War, 1982$xAerial operations, Argentine.
=650  \0$aAirlift, Military$zFalkland Islands.
=650  \0$aAirlift, Military$zArgentina.
=650  \0$aFalkland Islands War, 1982$vPersonal narratives, Argentine.
=852  41$aBritish Library$bHMNTS$jYF.2013.a.13560
=856  41$uhttp://core.cambeiro.com.ar/0-159039-6.pdf
=CAT  \\$a9701$b40$c20130419$lBLL01$h1120
=CAT  \\$a5703$b40$c20130724$lBLL01$h1105
=FIN  \\$aY$d20130724
=FMT  \\$a  BK
=LAS  \\$a5703$b40$c20130724$lBLL01$h1105
=SID  \\$aZ39$bOCLC

