=LDR  01586 am a22004097a 4500
=001  016415327
=003  Uk
=005  20140415164510.0
=008  120517s2011\\\\ag\a\\\\\b\\\\100\0\spa\d
=020  \\$a9789509822849
=020  \\$a9509822841
=035  \\$a(OCoLC)798213300
=040  \\$aAR-BaFGC$cN15$dOCLCO$dPIT$dUk
=042  \\$aukblderived
=043  \\$as-ag---
=050  \4$aF2846$b.C66 2010
=111  2\$aCongreso "Argentina : 200 años de Historia"$d(2010 :$cBuenos Aires, Argentina).
=245  10$aArgentina :$b200 años de historia.
=260  \\$aBuenos Aires :$b1884 Editorial :$bCírculo Militar :$bAcademia Argentina de la Historia,$c[2011]
=300  \\$axxv, 685 p. :$bill. ;$c23 cm.
=336  \\$atext$2rdacontent
=337  \\$aunmediated$2rdamedia
=338  \\$avolume$2rdacarrier
=500  \\$aPapers from the Congreso "Argentina: 200 Años de Historia" , organized by the Academia Argentina de la Historia and the Círcular Militar, and held in May 2010.
=504  \\$aIncludes bibliographical references.
=651  \0$aArgentina$xHistory$y19th century$vCongresses.
=710  2\$aAcademia Nacional de la Historia (Argentina)
=710  2\$aCírculo Militar (Buenos Aires, Argentina)
=852  41$aBritish Library$bHMNTS$jYF.2014.a.9582
=856  41$uhttp://core.cambeiro.com.ar/0-165122-0.pdf
=CAT  \\$a8157$b40$c20130520$lBLL01$h1514
=CAT  \\$aBATCH-UPD$b40$c20130615$lBLL01$h1930
=CAT  \\$a11002$b40$c20140415$lBLL01$h1645
=FIN  \\$aY$d20140415
=FMT  \\$a  BK
=LAS  \\$a11002$b40$c20140415$lBLL01$h1645
=SID  \\$aZ39$bOCLC

