=LDR  01342 am a2200385 a 4500
=001  016415351
=003  Uk
=005  20130925115900.0
=008  111220s2011\\\\ag\a\\\\\\\\\\000\0dspa\d
=020  \\$a9789872049348
=020  \\$a9872049343
=035  \\$a(OCoLC)778783616
=040  \\$aAR-BaFGC$cN15$dNYP$dUk
=042  \\$aukblderived
=043  \\$as-ag---
=050  \4$aJ201$b.N18 2011
=110  1\$aArgentina.$bPresident (1974 : Cámpora)
=245  10$aHéctor J. Cámpora :$bel mandato de los setenta : discursos y mensajes /$cprólogo, Eduardo Luis Duhalde.
=260  \\$aCABA [i.e. Ciudad Autónoma de Buenos Aires] :$bEdiciones Punto Crítico,$c[2011]
=300  \\$a123 p. :$bill. ;$c24 cm.
=336  \\$atext$2rdacontent
=337  \\$aunmediated$2rdamedia
=338  \\$avolume$2rdacarrier
=490  1\$aColección Cuadernos de la militancia ;$v1
=651  \0$aArgentina$xPolitics and government$y1955-1983.
=700  1\$aCámpora, Héctor J.,$d1909-
=830  \0$aCuadernos de la militancia ;$v1.
=852  41$aBritish Library$bHMNTS$jYF.2013.a.18400
=856  41$uhttp://core.cambeiro.com.ar/0-164494-1.pdf
=CAT  \\$a8157$b40$c20130520$lBLL01$h1541
=CAT  \\$a11002$b40$c20130925$lBLL01$h1159
=FIN  \\$aY$d20130925
=FMT  \\$a  BK
=LAS  \\$a11002$b40$c20130925$lBLL01$h1159
=SID  \\$aZ39$bOCLC

