=LDR  01002 am a22003377a 4500
=001  016415352
=003  Uk
=005  20130926092131.0
=008  120810s2012\\\\ag\\\\\\\\\\\\000\1\spa\d
=020  \\$a9789872803124
=020  \\$a9872803129
=035  \\$a(OCoLC)812454991
=040  \\$aAR-BaFGC$cN15$dUk
=042  \\$aukblderived
=050  \4$aPQ7798.429.A23$bM63 2012
=100  1\$aSabbatella, Leonardo,$d1986-
=245  13$aEl modelo aéreo /$cLeonardo Sabbatella.
=260  \\$aBuenos Aires, Argentina :$bMardulce,$cc2012.
=300  \\$a171 p. ;$c20 cm.
=336  \\$atext$2rdacontent
=337  \\$aunmediated$2rdamedia
=338  \\$avolume$2rdacarrier
=490  0\$aFicción
=852  41$aBritish Library$bHMNTS$jYF.2013.a.18405
=856  41$uhttp://core.cambeiro.com.ar/0-165631-2.pdf
=CAT  \\$a8157$b40$c20130520$lBLL01$h1543
=CAT  \\$a11002$b40$c20130926$lBLL01$h0921
=FIN  \\$aY$d20130926
=FMT  \\$a  BK
=LAS  \\$a11002$b40$c20130926$lBLL01$h0921
=SID  \\$aZ39$bOCLC

