=LDR  01713 am a2200445 a 4500
=001  016415367
=003  Uk
=005  20131107131253.0
=008  120817s2012\\\\ag\ab\\\\b\\\\000\0\spa\d
=020  \\$a9789508953148
=020  \\$a9508953144
=035  \\$a(OCoLC)816261312
=040  \\$aAR-BaFGC$cN15$dPIT$dUk
=042  \\$aukblderived
=043  \\$acl-----$as-ag---
=050  \4$aHD9502.L32$bS47 2012
=100  1\$aServin, Sergio$q(Sergio L.),$d1966-
=245  10$aArgentina y los desafíos del escenario energético global /$cSergio Servín.
=260  \\$aBuenos Aires :$bCatálogos,$c[2012]
=300  \\$a356 pages :$billustrations, maps ;$c21 cm.
=336  \\$atext$2rdacontent
=337  \\$aunmediated$2rdamedia
=338  \\$avolume$2rdacarrier
=490  1\$aISEN, Instituto del Servicio Exterior de la Nación
=500  \\$aOriginally presented as the author's thesis--Instituto del Servicio Exterior de la Nación (Argentina).
=500  \\$aAt head of title: Instituto del Servicio Exterior de la Nación, Academia Diplomática Argentina.
=504  \\$aIncludes bibliographical references (p. 347-356).
=650  \0$aPower resources$zLatin America.
=650  \0$aEnergy policy$zLatin America.
=650  \0$aPower resources$zArgentina.
=650  \0$aEnergy policy$zArgentina.
=830  \0$aSerie Tesis (Instituto del Servicio Exterior de la Nación (Argentina))
=852  41$aBritish Library$bHMNTS$jYF.2013.a.22165
=856  41$uhttp://core.cambeiro.com.ar/0-165652-5.pdf
=CAT  \\$a8157$b40$c20130520$lBLL01$h1609
=CAT  \\$a5703$b40$c20131107$lBLL01$h1312
=FIN  \\$aY$d20131107
=FMT  \\$a  BK
=LAS  \\$a5703$b40$c20131107$lBLL01$h1312
=SID  \\$aZ39$bOCLC

