=LDR  01501 am a22004337a 4500
=001  016415391
=003  Uk
=005  20130926104808.0
=008  111109s2011\\\\ag\\\\\\\b\\\\000\0dspa\d
=020  \\$z9789871421510
=035  \\$a(OCoLC)798213407
=040  \\$aAR-BaFGC$cN15$dOCLCO$dCGU$dOCLCO$dUk
=042  \\$aukblderived
=043  \\$as-bo---
=050  \4$aJC491$b.L67 2011
=100  1\$aLora, Guillermo.
=245  10$aRevolución y foquismo :$bbalance de la discusión sobre la desviación "guerrillerista" /$cGuillermo Lora.
=260  \\$aBuenos Aires :$bEdiciones ryr,$cc2011.
=300  \\$a312 p. ;$c17 cm.
=336  \\$atext$2rdacontent
=337  \\$aunmediated$2rdamedia
=338  \\$avolume$2rdacarrier
=490  1\$aColección Básicos del socialismo ;$v3
=490  1\$aBiblioteca militante
=500  \\$aOriginally published: Buenos Aires, 1975.
=504  \\$aIncludes bibliographical references.
=650  \0$aRevolutions.
=650  \0$aGuerrillas.
=650  \0$aGuerrillas$zBolivia$xHistory$y20th century.
=651  \0$aBolivia$xPolitics and government$y1952-1982.
=830  \0$aBiblioteca militante.$pColección Básicos del socialismo ;$v3.
=852  41$aBritish Library$bHMNTS$jYF.2013.a.18410
=856  41$uhttp://core.cambeiro.com.ar/0-164316-1.pdf
=CAT  \\$a8157$b40$c20130520$lBLL01$h1637
=CAT  \\$a11002$b40$c20130926$lBLL01$h1048
=FIN  \\$aY$d20130926
=FMT  \\$a  BK
=LAS  \\$a11002$b40$c20130926$lBLL01$h1048
=SID  \\$aZ39$bOCLC

