=LDR  01820 am a22004337a 4500
=001  016415394
=003  Uk
=005  20130925154032.0
=008  120217s2011\\\\ag\\\\\\\b\\\\000\0\spa\d
=020  \\$a9789876291996
=020  \\$a9876291998
=035  \\$a(OCoLC)793328466
=040  \\$aAR-BaFGC$cN15$dOCLCO$dCUY$dUk
=042  \\$aukblderived
=043  \\$as-ag---
=050  \4$aKHA5586$b.H33 2011
=245  00$aHacer justicia :$bnuevos debates sobre el juzgamiento de crímenes de lesa humanidad en Argentina /$c[compilado por] Centro de Estudios Legales y Sociales, Centro Internacional para la Justicia Transicional ; [autores] Jorge Taiana ... [et al].
=260  \\$aBuenos Aires :$bSiglo Veintiuno Editores :$bCELS ;$aBrussels, Belgium :$bICTJ,$c2011.
=300  \\$a263 p. ;$c21 cm.
=336  \\$atext$2rdacontent
=337  \\$aunmediated$2rdamedia
=338  \\$avolume$2rdacarrier
=504  \\$aIncludes bibliographical references.
=650  \0$aCrimes against humanity$zArgentina$xHistory$y20th century.
=650  \0$aCriminal justice, Administration of$zArgentina$xHistory$y20th century.
=650  \0$aCriminal justice, Administration of$zArgentina$xHistory$y21st century.
=650  \0$aWomen$xViolence against$zArgentina$xHistory$y20th century.
=650  \0$aState-sponsored terrorism$zArgentina$xHistory$y20th century.
=700  1\$aTaiana, Jorge A.
=710  2\$aCentro de Estudios Legales y Sociales (Argentina)
=710  2\$aInternational Center for Transitional Justice.
=852  41$aBritish Library$bHMNTS$jYF.2013.a.18305
=856  41$uhttp://core.cambeiro.com.ar/0-165496-0.pdf
=CAT  \\$a8157$b40$c20130520$lBLL01$h1642
=CAT  \\$a5512$b40$c20130925$lBLL01$h1540
=FIN  \\$aY$d20130925
=FMT  \\$a  BK
=LAS  \\$a5512$b40$c20130925$lBLL01$h1540
=SID  \\$aZ39$bOCLC

