=LDR  01494 am a22004337a 4500
=001  016415552
=003  Uk
=005  20130925093955.0
=008  120604s2011\\\\ag\\\\\\\b\\\\000\0\spa\d
=020  \\$a9789871074976
=020  \\$a9871074972
=035  \\$a(OCoLC)810290704
=040  \\$aAR-BaFGC$cN15$dOCLCO$dCGU$dUk
=042  \\$aukblderived
=043  \\$acl-----
=050  \4$aJC273.F36$bT54 2011
=245  00$aTiempos de homenajes, tiempos descoloniales :$bFrantz Fanon, América Latina /$cAlejandro J. de Oto, compilador ; [Walter Mignolo ... et al.].
=260  \\$aBuenos Aires :$bEdiciones del Signo,$cc2011.
=300  \\$a184 p. ;$c22 cm.
=336  \\$atext$2rdacontent
=337  \\$aunmediated$2rdamedia
=338  \\$avolume$2rdacarrier
=490  1\$aColección Razón política
=504  \\$aIncludes bibliographical references.
=600  10$aFanon, Frantz,$d1925-1961$y1925-1961.
=600  10$aFanon, Frantz,$d1925-1961$xInfluence.
=650  \0$aDecolonization.
=650  \0$aDecolonization$zLatin America.
=700  1\$aOto, Alejandro J. de.
=830  \0$aColección Razón política.
=852  41$aBritish Library$bHMNTS$jYF.2013.a.18398
=856  41$uhttp://core.cambeiro.com.ar/0-136923-3.pdf
=CAT  \\$a8157$b40$c20130521$lBLL01$h0942
=CAT  \\$a11002$b40$c20130925$lBLL01$h0939
=CAT  \\$aBATCH-UPD$b40$c20141122$lBLL01$h1727
=FIN  \\$aY$d20130925
=FMT  \\$a  BK
=LAS  \\$aBATCH-UPD$b40$c20141122$lBLL01$h1727
=SID  \\$aZ39$bOCLC

