=LDR  02607 am a2200397 a 4500
=001  016415556
=003  Uk
=005  20130830080450.0
=008  120228s2012\\\\ag\\\\\\\b\\\\000\0\spa\d
=020  \\$a9789871599844
=020  \\$a9871599846
=035  \\$a(OCoLC)793328394
=040  \\$aAR-BaFGC$cN15$dPL#$dI5B$dEMU$dQGK$dUk
=042  \\$aukblderived
=043  \\$acl-----
=050  \4$aJL959.5.I6$bU33 2012
=100  1\$aUgarte, José Manuel.
=245  13$aEl control público de la actividad de inteligencia en América Latina :$bun examen a través de las normas jurídicas que lo implementan y de su aplicación práctica /$cJosé Manuel Ugarte.
=250  \\$a1. ed.
=260  \\$a[Buenos Aires?] :$bEdiciones CICCUS,$c2012.
=300  \\$a581 p. ;$c28 cm.
=336  \\$atext$2rdacontent
=337  \\$aunmediated$2rdamedia
=338  \\$avolume$2rdacarrier
=504  \\$aIncludes bibliographical references.
=505  0\$a1. El control público de la actividad de inteligencia : breve introducción sobre el control público -- 2. Aspectos fundamentales del control público de la actividad de inteligencia -- 3. Las formas y los órganos en que tiene lugar la actividad de inteligencia y los controles realizados en el órgano ejecutivo -- 4. Los controles legislativos o parlamentarios y otros controles externos de la actividad de inteligencia vinculados con los Congresos o Parlamentos -- 5. El control judicial de la actividad de inteligencia -- 6. El control de la actividad de inteligencia en América Latina : su control en Argentina -- 7. Republíca Federativa de Brasil -- 8. Republíca de Perú -- 9. Republíca de Chile -- 10. Estados Unidos Mexicanos -- 11. Republíca de Guatemala -- 12. Republíca de Colombia -- 13. Republíca de El Salvador -- 14. Republíca de Costa Rica -- 15. Republíca Bolivariana de Venezuela -- 16. Republíca de Nicaragua -- 17. Republíca de Honduras -- 18. Republíca de Panamá -- 19. Republíca de Ecuador -- 20. Republíca Oriental del Uruguay -- 21. Aspectos relacionados con el control de la actividad de inteligencia en otros países latinoamericanos -- 22. Conclusiones.
=650  \0$aIntelligence service$zLatin America.
=650  \0$aIntelligence service$xLaw and legislation$zLatin America.
=852  41$aBritish Library$bHMNTS$jYF.2013.b.1181
=856  41$uhttp://core.cambeiro.com.ar/0-165562-0.pdf
=CAT  \\$a8157$b40$c20130521$lBLL01$h0945
=CAT  \\$a11002$b40$c20130830$lBLL01$h0804
=FIN  \\$aY$d20130830
=FMT  \\$a  BK
=LAS  \\$a11002$b40$c20130830$lBLL01$h0804
=SID  \\$aZ39$bOCLC

