=LDR  01413 am a22003977a 4500
=001  016415589
=003  Uk
=005  20130926073531.0
=008  120530s2012\\\\ag\\\\\\\b\\\\000\0\spa\d
=020  \\$a9789872786502
=020  \\$a987278650X
=035  \\$a(OCoLC)800333493
=040  \\$aAR-BaFGC$cN15$dOCLCO$dI5B$dUk
=042  \\$aukblderived
=043  \\$as-ag---
=050  \4$aF2849.3$b.M39 2012
=100  1\$aMazzeo, Miguel.
=245  10$aConjurar a Babel :$bla nueva generación intelectual argentina a diez años de la rebelión popular de 2001 /$cMiguel Mazzeo.
=260  \\$aVicente López, Buenos Aires, Argentina :$bEditorial El Colectivo :$bDialektik,$cc2012.
=300  \\$a109 p. ;$c18 cm.
=336  \\$atext$2rdacontent
=337  \\$aunmediated$2rdamedia
=338  \\$avolume$2rdacarrier
=490  0\$aTextos para la militancia popular
=504  \\$aIncludes bibliographical references (p. [105]-109).
=650  \0$aIntellectuals$zArgentina$xAttitudes.
=651  \0$aArgentina$xIntellectual life$y21st century.
=651  \0$aArgentina$xPolitics and government$y2002-
=852  41$aBritish Library$bHMNTS$jYF.2013.a.18430
=856  41$uhttp://core.cambeiro.com.ar/0-143240-4.pdf
=CAT  \\$a8157$b40$c20130521$lBLL01$h1045
=CAT  \\$a11002$b40$c20130926$lBLL01$h0735
=FIN  \\$aY$d20130926
=FMT  \\$a  BK
=LAS  \\$a11002$b40$c20130926$lBLL01$h0735
=SID  \\$aZ39$bOCLC

