=LDR  01580 am a2200433 a 4500
=001  016415590
=003  Uk
=005  20130925142806.0
=008  120619s2012\\\\ag\a\\\\\b\\\\000\0\spa\d
=020  \\$a9789507869747
=020  \\$a9507869743
=035  \\$a(OCoLC)808600568
=040  \\$aAR-BaFGC$cN15$dOCLCO$dI5B$dOCLCO$dNYP$dUk
=042  \\$aukblderived
=043  \\$as-ag---$ae-sp---
=050  \4$aBF511$b.M86 2012
=100  1\$aMuñoz Cobeñas, Leticia.
=245  14$aLas Antígonas y el Estado :$baflicción y resistencia en el relato de las mujeres /$cLeticia Muñoz Cobeñas.
=260  \\$aBuenos Aires :$bEditorial Biblos,$cc2012.
=300  \\$a224 p. :$bill. ;$c20 cm.
=336  \\$atext$2rdacontent
=337  \\$aunmediated$2rdamedia
=338  \\$avolume$2rdacarrier
=504  \\$aIncludes bibliographical references (p. 219-224).
=650  \0$aEmotions$xAnthropological aspects.
=650  \0$aWomen$zArgentina$zLa Plata$xHistory$y20th century.
=650  \0$aWomen$zSpain$zCatalonia$xHistory$y20th century.
=650  \0$aCollective memory$zArgentina$zLa Plata.
=650  \0$aCollective memory$zSpain$zCatalonia.
=650  \0$aState-sponsored terrorism$zArgentina$xHistory$y20th century.
=651  \0$aCatalonia (Spain)$xHistory.
=852  41$aBritish Library$bHMNTS$jYF.2013.a.18358
=856  41$uhttp://core.cambeiro.com.ar/0-165846-0.pdf
=CAT  \\$a8157$b40$c20130521$lBLL01$h1047
=CAT  \\$a11002$b40$c20130925$lBLL01$h1428
=FIN  \\$aY$d20130925
=FMT  \\$a  BK
=LAS  \\$a11002$b40$c20130925$lBLL01$h1428
=SID  \\$aZ39$bOCLC

