=LDR  01554 am a2200409 a 4500
=001  016415641
=003  Uk
=005  20130926092830.0
=008  110623s2011\\\\ag\a\\\\\b\\\\000\0\spa\d
=010  \\$a  2011438279
=020  \\$a9789875744950
=035  \\$a(AR-BaFGC)0-162760/0
=040  \\$aAR-BaFGC$cAR-BaFGC$dDLC$dUk
=042  \\$aukblderived
=043  \\$as-ag---
=050  00$aHD1863$b.V53 2011
=100  1\$aViale, Lisandro,$d1966-
=245  13$aEl dilema de "el campo" en la Argentina de hoy :$buna mirada desde el socialismo /$cLisandro Viale ; con la colaboración de Américo Schvartzman y Marcelo Tenaglia ; prólogo de Silvia Cloquell ; epílogo de Eduardo Azcuy Ameghino ; participación de Fernando "Pino" Solanas ... [et al.].
=260  \\$aCiudad Autónoma de Buenos Aires :$bPrometeo Libros,$cc2011.
=300  \\$a186 p. :$bill. ;$c22 cm.
=336  \\$atext$2rdacontent
=337  \\$aunmediated$2rdamedia
=338  \\$avolume$2rdacarrier
=504  \\$aIncludes bibliographical references.
=650  \0$aAgriculture and state$zArgentina.
=650  \0$aAgriculture$xEconomic aspects$zArgentina.
=650  \0$aLand tenure$zArgentina.
=700  1\$aSchvartzman, Américo.
=700  1\$aTenaglia, Marcelo.
=852  41$aBritish Library$bHMNTS$jYF.2013.a.18362
=856  41$uhttp://core.cambeiro.com.ar/0-162760-0.pdf
=CAT  \\$a6503$b40$c20130521$lBLL01$h1126
=CAT  \\$a11002$b40$c20130926$lBLL01$h0928
=FIN  \\$aY$d20130926
=FMT  \\$a  BK
=LAS  \\$a11002$b40$c20130926$lBLL01$h0928
=SRC  \\$aBLL02

