=LDR  01690 am a2200433 a 4500
=001  016415645
=003  Uk
=005  20130829133442.0
=008  120314s2011\\\\ag\\\\\\\b\\\\100\0\spa\d
=010  \\$a2012377239
=020  \\$a9789507869570
=035  \\$a(AR-BaFGC)0-164305/2
=040  \\$aAR-BaFGC$cAR-BaFGC$dDLC$dUk
=042  \\$aukblderived
=043  \\$as-ag---
=050  00$aLC191.8.A7$bD57 2011
=111  2\$aInteramerican Symposium on Ethnographic Educational Research$n(11th :$d2006 :$cBuenos Aires, Argentina)
=245  10$aDiscusiones sobre la infancia y la adolescencia :$bniños y jóvenes, dentro y fuera de la escuela /$cGraciela Batallán, María Rosa Neufeld, coordinadoras.
=260  \\$aBuenos Aires :$bEditorial Biblos,$cc2011.
=300  \\$a356 p. ;$c20 cm.
=336  \\$atext$2rdacontent
=337  \\$aunmediated$2rdamedia
=338  \\$avolume$2rdacarrier
=490  0\$aAntropología y educación
=504  \\$aIncludes bibliographical references.
=650  \0$aEducation$xSocial aspects$zArgentina$vCase studies$vCongresses.
=650  \0$aEducational anthropology$zArgentina$vCase studies$vCongresses.
=650  \0$aSchool children$zArgentina$xAttitudes$vCase studies$vCongresses.
=650  \0$aStudents$zArgentina$xAttitudes$vCase studies$vCongresses.
=700  1\$aNeufeld, María Rosa.
=700  1\$aBatallán, Graciela.
=852  41$aBritish Library$bHMNTS$jYF.2013.a.16563
=856  41$uhttp://core.cambeiro.com.ar/0-164305-2.pdf
=CAT  \\$a6503$b40$c20130521$lBLL01$h1130
=CAT  \\$a11002$b40$c20130829$lBLL01$h1334
=FIN  \\$aY$d20130829
=FMT  \\$a  BK
=LAS  \\$a11002$b40$c20130829$lBLL01$h1334
=SID  \\$aZ39$bLOC

