=LDR  01631cam a2200433 a 4500
=001  016415648
=003  Uk
=005  20131030134437.0
=008  120716s2012\\\\ag\a\\\\\b\\\\000\0dspa\d
=020  \\$a9789871238859
=020  \\$a9871238851
=035  \\$a(OCoLC)813226728
=040  \\$aAR-BaFGC$cN15$dOCLCQ$dGZM$dUk
=042  \\$aukblderived
=043  \\$as-ag---
=050  \4$aHD8268.5.B55$bC65 2012
=100  1\$aColabella, Laura.
=245  14$aLos negros del Congreso :$bnombre, filiación y honor en el reclutamiento a la burocracia del estado argentino /$cLaura Colabella.
=250  \\$a1. ed.
=260  \\$a[Buenos Aires?] :$bEditorial Antropofagia :$bIDES, Centro de Antropología Social,$c2012.
=300  \\$a126 pages :$billustrations ;$c21 cm.
=336  \\$atext$2rdacontent
=337  \\$aunmediated$2rdamedia
=338  \\$avolume$2rdacarrier
=490  1\$aSerie etnográfica
=504  \\$aIncludes bibliographical references (p. 123-126).
=610  10$aArgentina.$bCongreso de la Nación$xOfficials and employees.
=650  \0$aBlack people$xEmployment$zArgentina$zBuenos Aires$xHistory.
=650  \0$aCivil service$xMinority employment$zArgentina$zBuenos Aires$xHistory.
=830  \0$aSerie etnográfica (Buenos Aires, Argentina)
=852  41$aBritish Library$bHMNTS$jYF.2013.a.21171
=856  41$uhttp://core.cambeiro.com.ar/0-123121-15.pdf
=CAT  \\$a6503$b40$c20130521$lBLL01$h1132
=CAT  \\$a5703$b40$c20131030$lBLL01$h1344
=CAT  \\$a11249$b40$c20230222$lBLL01$h1657
=FIN  \\$aY$d20131030
=FMT  \\$a  BK
=LAS  \\$a11249$b40$c20230222$lBLL01$h1657
=SID  \\$aZ39$bOCLC

