=LDR  02246 am a2200505 a 4500
=001  016415652
=003  Uk
=005  20170607162814.0
=008  120110m20119999ag\ab\\\\b\\\\000\0\spa\d
=020  \\$a9789871599721$q[v.] II$qpaperback
=020  \\$a9871599722$q[v.] II$qpaperback
=020  \\$a9789876302074$q[v.] IV$qpaperback
=035  \\$a(OCoLC)793426556
=040  \\$aAR-BaFGC$beng$cN15$dEMU$dCGU$dOCLCO$dUk
=042  \\$aukblsr
=043  \\$acl-----
=050  \4$aHD9975.L29$bR44 2011
=245  00$aRecicloscopio /$cFrancisco Martín Suárez y Pablo J. Schamber (compiladores).
=260  \\$aBuenos Aires :$bEdiciones Ciccus ;$aRemedios de Escalada, Partido de Lanús, Prov. de Buenos Aires :$bUniversidad Nacional de Lanús ;$aLos Polvorines, Prov. de Buenos Aires :$bUniversidad Nacional de General Sarmiento,$cc2011-
=300  \\$avolumes :$billustrations (black and white), maps (black and white) ;$c22 cm.
=336  \\$atext$2rdacontent
=337  \\$aunmediated$2rdamedia
=338  \\$avolume$2rdacarrier
=490  1\$aColección Cuestiones metropolitanas
=500  \\$aDescription based on volume two.
=504  \\$aIncludes bibliographical references.
=505  1\$a[v.] II. Miradas sobre recuperadores, políticas públicas y subjetividades en América Latina -- [v.] IV. Miradas sobre dinámicas de gestión de residuos y organización de recuperadores.
=650  \0$aRagpickers$zLatin America.
=650  \0$aRecycling (Waste, etc.)$zLatin America.
=650  \0$aRefuse and refuse disposal$zLatin America.
=700  1\$aSuárez, Francisco Martín.
=700  1\$aSchamber, Pablo Javier.
=710  2\$aUniversidad Nacional de Lanús,$epublisher.
=710  2\$aUniversidad Nacional de General Sarmiento,$epublisher.
=830  \0$aColección Cuestiones metropolitanas.
=852  41$aBritish Library$bHMNTS$jYF.2017.a.15271
=852  41$aBritish Library$bHMNTS$jYF.2013.a.16573
=856  41$uhttp://core.cambeiro.com.ar/0-164811-3.pdf
=CAT  \\$a6503$b40$c20130521$lBLL01$h1143
=CAT  \\$a11002$b40$c20130829$lBLL01$h1329
=CAT  \\$a11342$b40$c20170607$lBLL01$h1628
=FIN  \\$aY$d20130829
=FMT  \\$a  BK
=LAS  \\$a11342$b40$c20170607$lBLL01$h1628
=SID  \\$aZ39$bOCLC

