=LDR  01637 am a22004337a 4500
=001  016415656
=003  Uk
=005  20130925094259.0
=008  120703s2011\\\\ag\\\\\\\b\\\f000\0dspa\d
=020  \\$a9789876301084
=020  \\$a987630108X
=035  \\$a(OCoLC)811124234
=040  \\$aAR-BaFGC$cN15$dUk
=042  \\$aukblderived
=043  \\$ae-fr---$as-ag---
=050  \4$aJC261.M47$bE34 2011
=100  1\$aEiff, Leonardo,$d1980-
=245  10$aFilosofía y política existencial :$bMerleau-Ponty, Sartre y los debates argentinos /$cLeonardo Eiff.
=260  \\$aLos Polvorines, Prov. de Buenos Aires, Argentina :$bUniversidad Nacional de General Sarmiento,$cc2011.
=300  \\$a182 p. ;$c23 cm.
=336  \\$atext$2rdacontent
=337  \\$aunmediated$2rdamedia
=338  \\$avolume$2rdacarrier
=490  0\$aColección Humanidades
=504  \\$aIncludes bibliographical references.
=600  10$aMerleau-Ponty, Maurice,$d1908-1961$xPolitical and social views.
=600  10$aSartre, Jean-Paul,$d1905-1980$xPolitical and social views.
=600  10$aMerleau-Ponty, Maurice,$d1908-1961$xInfluence.
=600  10$aSartre, Jean-Paul,$d1905-1980$xInfluence.
=650  \0$aPolitical science$xPhilosophy$xHistory$y20th century.
=651  \0$aArgentina$xIntellectual life$y20th century$xFrench influences.
=852  41$aBritish Library$bHMNTS$jYF.2013.a.18399
=856  41$uhttp://core.cambeiro.com.ar/0-159061-9.pdf
=CAT  \\$a6503$b40$c20130521$lBLL01$h1148
=CAT  \\$a11002$b40$c20130925$lBLL01$h0942
=FIN  \\$aY$d20130925
=FMT  \\$a  BK
=LAS  \\$a11002$b40$c20130925$lBLL01$h0942
=SID  \\$aZ39$bOCLC

