=LDR  01823 am a2200457 a 4500
=001  016415667
=003  Uk
=005  20131107114728.0
=008  120918s2012\\\\ag\\\\\\\b\\\\000\0\spa\d
=020  \\$a9789507543579
=020  \\$a9507543570
=035  \\$a(OCoLC)816261278
=040  \\$aAR-BaFGC$cN15$dI5B$dIXA$dCGU$dUk
=042  \\$aukblderived
=043  \\$acl-----
=050  \4$aHX110.5.A6$bR38 2012
=100  1\$aRauber, Isabel.
=245  10$aRevoluciones desde abajo :$bgobiernos populares y cambio social en Latinoamérica /$cIsabel Rauber ; presentación de Álvaro García Linera ; prólogo de István Mészáros.
=246  13$aDos pasos adelante, uno atrás :$blógicas de ruptura y superación del dominio del capital
=250  \\$a4a. ed. rev. y aum.
=260  \\$aBuenos Aires :$bPeña Lillo :$bEdiciones Continente,$c2012.
=300  \\$a255 pages ;$c23 cm.
=336  \\$atext$2rdacontent
=337  \\$aunmediated$2rdamedia
=338  \\$avolume$2rdacarrier
=490  1\$aBiblioteca Artillería del pensamiento
=500  \\$aRevised and enlarged edition of: Dos pasos adelante, uno atrás. Caracas, Venezuela : Vadell Editorial, 2010.
=504  \\$aIncludes bibliographical references (p. 253-255).
=650  \0$aSocialism$zLatin America.
=650  \0$aPower (Social sciences)$zLatin America.
=650  \0$aSocial change$zLatin America.
=651  \0$aLatin America$xPolitics and government$y21st century.
=830  \0$aBiblioteca Artillería del pensamiento.
=852  41$aBritish Library$bHMNTS$jYF.2013.a.22161
=856  41$uhttp://core.cambeiro.com.ar/0-156261-6.pdf
=CAT  \\$a6503$b40$c20130521$lBLL01$h1159
=CAT  \\$a5703$b40$c20131107$lBLL01$h1147
=FIN  \\$aY$d20131107
=FMT  \\$a  BK
=LAS  \\$a5703$b40$c20131107$lBLL01$h1147
=SID  \\$aZ39$bOCLC

