=LDR  01383 am a2200421 a 4500
=001  016415676
=003  Uk
=005  20150522104924.0
=008  120425s2011\\\\ag\\\\\\\b\\\\000\0dspa\d
=010  \\$a  2012377368
=020  \\$a9789876143356
=035  \\$a(AR-BaFGC)0-123719/102
=040  \\$aAR-BaFGC$cAR-BaFGC$dDLC$dUk
=042  \\$aukblderived
=043  \\$as-ag---
=050  00$aHC172.5.G75$bR47 2011
=100  10$aRestivo, Néstor,$d1960-
=245  13$aEl accidente Grinspun :$bun ministro desobediente /$cNéstor Restivo, Horacio Rovelli.
=260  \\$aBuenos Aires :$bCapital Intelectual,$cc2011.
=300  \\$a119 p. ;$c20 cm.
=336  \\$atext$2rdacontent
=337  \\$aunmediated$2rdamedia
=338  \\$avolume$2rdacarrier
=490  0\$aClaves para todos
=504  \\$aIncludes bibliographical references (p. 115-117).
=600  10$aGrinspun, Bernardo.
=651  \0$aArgentina$xEconomic policy.
=651  \0$aArgentina$xEconomic conditions$y1983-
=651  \0$aArgentina$xEconomic conditions$y1955-1983.
=700  1\$aRovelli, Horacio.
=852  41$aBritish Library$bHMNTS$jYF.2015.a.10518
=856  41$uhttp://core.cambeiro.com.ar/0-123719-102.pdf
=CAT  \\$a8157$b40$c20130521$lBLL01$h1217
=CAT  \\$a11002$b40$c20150522$lBLL01$h1049
=FIN  \\$aY$d20150522
=FMT  \\$a  BK
=LAS  \\$a11002$b40$c20150522$lBLL01$h1049
=SRC  \\$aBLL02

