=LDR  01697 am a2200445 a 4500
=001  016415682
=003  Uk
=005  20131030113542.0
=008  120827s2012\\\\ag\a\\\\\bm\\\000\0\spa\d
=020  \\$a9789871238903
=020  \\$a9871238908
=035  \\$a(OCoLC)812455027
=040  \\$aAR-BaFGC$cN15$dOCLCO$dCGU$dOCLCO$dIXA$dNDD$dUk
=042  \\$aukblderived
=043  \\$as-ag---
=050  \4$aHD8039.P42$bA7 2012
=100  1\$aPalermo, Hernán M.
=245  10$aCadenas de oro negro en el esplendor y ocaso de YPF /$cHernán M. Palermo.
=260  \\$a[Buenos Aires?] :$bGrupo Antropología del Trabajo,$c[2012]
=300  \\$a302 pages :$billustrations ;$c23 cm.
=336  \\$atext$2rdacontent
=337  \\$aunmediated$2rdamedia
=338  \\$avolume$2rdacarrier
=490  1\$aColección Estudios de antropología del trabajo
=500  \\$aOriginally presented as the author's thesis (doctoral)--Universidad de Buenos Aires.
=504  \\$aIncludes bibliographical references (p. 291-302).
=610  20$aYacimientos Petrolíferos Fiscales (Argentina)$xHistory.
=610  20$aRepsol YPF.
=650  \0$aPetroleum workers$zArgentina$xSocial conditions$y20th century.
=650  \0$aPetroleum industry and trade$xPrivatization$zArgentina.
=830  \0$aColección Estudios de antropología del trabajo.
=852  41$aBritish Library$bHMNTS$jYF.2013.a.21205
=856  41$uhttp://core.cambeiro.com.ar/0-165526-2.pdf
=CAT  \\$a8157$b40$c20130521$lBLL01$h1221
=CAT  \\$a5703$b40$c20131030$lBLL01$h1135
=CAT  \\$aBATCH-UPD$b40$c20190320$lBLL01$h1713
=FIN  \\$aY$d20131030
=FMT  \\$a  BK
=LAS  \\$aBATCH-UPD$b40$c20190320$lBLL01$h1713
=SID  \\$aZ39$bOCLC

