=LDR  01385 am a2200409 a 4500
=001  016415688
=003  Uk
=005  20130830074042.0
=008  120529s2012\\\\ag\a\\\\\b\\\\001\0\spa\d
=020  \\$a9789507931086
=020  \\$a9507931082
=035  \\$a(OCoLC)800333484
=040  \\$aAR-BaFGC$cN15$dOCLCO$dPIT$dUk
=042  \\$aukblderived
=043  \\$as-ag---
=050  \4$aHD5350.B8$bI54 2012
=100  1\$aIñigo Carrera, Nicolás.
=245  13$aLa estrategia de la clase obrera, 1936 /$cNicolás Iñigo Carrera.
=250  \\$a3a. ed. corr. y aum.
=260  \\$a[Buenos Aires?] :$bImago Mundi,$cc2012.
=300  \\$aviii, 374 p. :$bill. ;$c21 cm.
=336  \\$atext$2rdacontent
=337  \\$aunmediated$2rdamedia
=338  \\$avolume$2rdacarrier
=490  1\$aColección Bitácora argentina
=504  \\$aIncludes bibliographical references (p. [363]-371) and index.
=650  \0$aGeneral Strike, Buenos Aires, Argentina, 1936.
=650  \0$aLabor movement$zArgentina$xHistory$y20th century.
=830  \0$aColección Bitácora argentina.
=852  41$aBritish Library$bHMNTS$jYF.2013.a.16341
=856  41$uhttp://core.cambeiro.com.ar/0-91679-36.pdf
=CAT  \\$a8157$b40$c20130521$lBLL01$h1226
=CAT  \\$a11002$b40$c20130830$lBLL01$h0740
=FIN  \\$aY$d20130830
=FMT  \\$a  BK
=LAS  \\$a11002$b40$c20130830$lBLL01$h0740
=SID  \\$aZ39$bOCLC

