=LDR  01227 am a2200373 a 4500
=001  016415705
=003  Uk
=005  20131107104148.0
=008  120611s2012\\\\ag\a\\\\\b\\\\000\0\spa\d
=020  \\$a9789870256298
=020  \\$a9870256295
=035  \\$a(OCoLC)811124191
=040  \\$aAR-BaFGC$cN15$dUk
=042  \\$aukblderived
=043  \\$as-ag---
=050  \4$aPQ7611$b.F33 2012
=100  1\$aFabbri, Rosa Angélica.
=245  10$aArgentores, su historia :$bla casa de los autores: 2a época /$cRosa Angélica Fabbri.
=260  \\$aBuenos Aires :$bEditorial Dunken,$cc2012.
=300  \\$a574 pages :$billustrations ;$c23 cm
=336  \\$atext$2rdacontent
=337  \\$aunmediated$2rdamedia
=338  \\$avolume$2rdacarrier
=504  \\$aIncludes bibliographical references (p. [571]-574).
=610  20$aSociedad General de Autores de la Argentina$xHistory.
=650  \0$aDramatists, Argentine.
=852  41$aBritish Library$bHMNTS$jYF.2013.a.22163
=856  41$uhttp://core.cambeiro.com.ar/0-165911-0.pdf
=CAT  \\$a8157$b40$c20130521$lBLL01$h1309
=CAT  \\$a5703$b40$c20131107$lBLL01$h1041
=FIN  \\$aY$d20131107
=FMT  \\$a  BK
=LAS  \\$a5703$b40$c20131107$lBLL01$h1041
=SID  \\$aZ39$bOCLC

