=LDR  01545 am a2200421 a 4500
=001  016415708
=003  Uk
=005  20131107113521.0
=008  120507s2012\\\\ag\a\\\\\b\\\\000\0\spa\d
=020  \\$a9789507543517
=020  \\$a9507543511
=035  \\$a(OCoLC)795896232
=040  \\$aAR-BaFGC$cN15$dOCLCO$dCUY$dOCLCO$dI5B$dUk
=042  \\$aukblderived
=043  \\$as-ag---
=050  \4$aF2849.2$b.M66 2012
=100  1\$aMontero, Hugo.
=245  10$aDe Nicaragua a La Tablada :$buna historia del Movimiento Todos por la Patria /$cHugo Montero.
=260  \\$aBuenos Aires :$bPeña Lillo :$bEdiciones Continente,$cc2012.
=300  \\$a288 pages :$billustrations ;$c23 cm.
=336  \\$atext$2rdacontent
=337  \\$aunmediated$2rdamedia
=338  \\$avolume$2rdacarrier
=490  1\$aCuadernos de Sudestada ;$v#8
=504  \\$aIncludes bibliographical references (p. 275-276).
=610  20$aMovimiento Todos por la Patria (Argentina)$xHistory.
=650  \0$aSubversive activities$zArgentina$xHistory$y20th century.
=651  \0$aLa Tablada (Argentina : Military base)$xSiege, 1989.
=651  \0$aArgentina$xPolitics and government$y1983-2002.
=830  \0$aCuadernos de sudestada (Ediciones Continente) ;$v#8.
=852  41$aBritish Library$bHMNTS$jYF.2013.a.22201
=856  41$uhttp://core.cambeiro.com.ar/0-159211-6.pdf
=CAT  \\$a8157$b40$c20130521$lBLL01$h1312
=CAT  \\$a5703$b40$c20131107$lBLL01$h1135
=FIN  \\$aY$d20131107
=FMT  \\$a  BK
=LAS  \\$a5703$b40$c20131107$lBLL01$h1135
=SID  \\$aZ39$bOCLC

