=LDR  01636 am a2200421 a 4500
=001  016415711
=003  Uk
=005  20130925163012.0
=008  120105s2011\\\\ag\ab\\\\b\\\\000\0\spa\d
=020  \\$a9789871304882
=020  \\$a9871304889
=035  \\$a(OCoLC)793426518
=040  \\$aAR-BaFGC$cN15$dNYP$dUk
=042  \\$aukblderived
=043  \\$as-ag---
=050  \4$aHV6884.S26$bL37 2011
=100  1\$aLarker, José Miguel.
=245  10$aCriminalidad y control social en una provincia en construcción :$bSanta Fe, 1856-1895 /$cJosé Miguel Larker.
=260  \\$aRosario [Argentina] :$bProhistoria Ediciones,$c2011.
=300  \\$a181 pages :$billustrations, maps ;$c22 cm.
=336  \\$atext$2rdacontent
=337  \\$aunmediated$2rdamedia
=338  \\$avolume$2rdacarrier
=490  1\$aColección Las ramas del sauce ;$v2
=500  \\$aBased on the author's thesis (master)--Universidad Nacional del Litoral, 2007.
=504  \\$aIncludes bibliographical references (p. [179]-181).
=650  \0$aCrime$zArgentina$zSanta Fe (Province)$xHistory$y19th century.
=650  \0$aSocial control$zArgentina$zSanta Fe (Province)$xHistory$y19th century.
=650  \0$aCriminal justice, Administration of$zArgentina$zSanta Fe (Province)$xHistory$y19th century.
=830  \0$aColección Las ramas del sauce.
=852  41$aBritish Library$bHMNTS$jYF.2013.a.18296
=856  41$uhttp://core.cambeiro.com.ar/0-164458-2.pdf
=CAT  \\$a6503$b40$c20130521$lBLL01$h1313
=CAT  \\$a5703$b40$c20130925$lBLL01$h1630
=FIN  \\$aY$d20130925
=FMT  \\$a  BK
=LAS  \\$a5703$b40$c20130925$lBLL01$h1630
=SID  \\$aZ39$bOCLC

