=LDR  01336 am a2200385 a 4500
=001  016415782
=003  Uk
=005  20140506145550.0
=008  120106s2011\\\\ag\a\\\\\b\\\\000\0\spa\d
=020  \\$a9789876191210
=020  \\$a9876191217
=035  \\$a(OCoLC)793426509
=040  \\$aAR-BaFGC$beng$cN15$dOCLCQ$dOCLCO$dQGK$dUk
=042  \\$aukblderived
=043  \\$as-ag---
=050  \4$aJL2098.U6$bN53 2011
=100  1\$aNicoloff, Elina Viviana,$d1971-
=245  10$aHistoria del radicalismo del Chaco :$bhasta 1983 /$cElina Viviana Nicoloff.
=260  \\$aCorrientes, Argentina :$bMoglia Ediciones,$c2011.
=300  \\$a216 p. :$bill. ;$c21 cm.
=336  \\$atext$2rdacontent
=337  \\$aunmediated$2rdamedia
=338  \\$avolume$2rdacarrier
=504  \\$aIncludes bibliographical references (p. 213-215).
=610  20$aUnión Cívica Radical$xHistory.
=650  \0$aPolitical parties$zArgentina$zChaco$xHistory$y20th century.
=651  \0$aChaco (Argentina)$xPolitics and government$y20th century.
=852  41$aBritish Library$bHMNTS$jYF.2014.a.10905
=856  41$uhttp://core.cambeiro.com.ar/0-164737-0.pdf
=CAT  \\$a6503$b40$c20130521$lBLL01$h1448
=CAT  \\$a11002$b40$c20140506$lBLL01$h1455
=FIN  \\$aY$d20140506
=FMT  \\$a  BK
=LAS  \\$a11002$b40$c20140506$lBLL01$h1455
=SID  \\$aZ39$bOCLC

