=LDR  01374 am a2200409 a 4500
=001  016415787
=003  Uk
=005  20150707102737.0
=008  110913s2011\\\\ag\a\\\\\b\\\\000\0bspa\d
=010  \\$a  2011438529
=020  \\$a9789871803057
=035  \\$a(AR-BaFGC)0-159895/3
=040  \\$aAR-BaFGC$cAR-BaFGC$dDLC$dUk
=042  \\$aukblderived
=043  \\$ae-fr---$as-ag---
=050  00$aPQ2625.O39$bZ79 2011
=100  1\$aPáez de la Torre, Carlos.
=245  13$aEl argentino de oro :$buna vida de Gabriel Iturri /$cCarlos Páez de la Torre (h).
=260  \\$aBuenos Aires :$bBajo la Luna,$cc2011.
=300  \\$a218 p. :$bill. ;$c22 cm.
=336  \\$atext$2rdacontent
=337  \\$aunmediated$2rdamedia
=338  \\$avolume$2rdacarrier
=490  0\$aEnsayo ;$v3
=504  \\$aIncludes bibliographical references.
=600  10$aIturri, Gabriel,$d1860-1905.
=600  10$aMontesquiou-Fézensac, Robert,$ccomte de,$d1855-1921$xFriends and associates.
=650  \0$aDandies$zArgentina$vBiography.
=650  \0$aArgentines$zFrance$vBiography.
=852  41$aBritish Library$bHMNTS$jYF.2015.a.13022
=856  41$uhttp://core.cambeiro.com.ar/0-159895-3.pdf
=CAT  \\$a6503$b40$c20130521$lBLL01$h1451
=CAT  \\$a10904$b40$c20150707$lBLL01$h1027
=FIN  \\$aY$d20150707
=FMT  \\$a  BK
=LAS  \\$a10904$b40$c20150707$lBLL01$h1027
=SRC  \\$aBLL02

