=LDR  01646 am a2200397 a 4500
=001  016415834
=003  Uk
=005  20130925142556.0
=008  120606s2012\\\\ag\ab\\\\b\\\\001\0\spa\d
=020  \\$a9789871855117
=020  \\$a9871855117
=035  \\$a(OCoLC)805394188
=040  \\$aAR-BaFGC$cN15$dOCLCO$dIQU$dUk
=042  \\$aukblderived
=043  \\$as-ag---
=050  \4$aF2823.M6$bD35 2012
=100  1\$aDalla Corte, Gabriela.
=245  10$aMocovíes, franciscanos y colonos de la zona chaqueña de Santa Fe, 1850-2011 :$bel liderazgo de la mocoví Dora Salteño en Colonia Dolores /$cGabriela Dalla-Corte Caballero.
=260  \\$aRosario [Argentina] :$bProhistoria Ediciones ;$a[Barcelona, Spain?] :$bTaller de Estudios e Investigaciones Andino Amazónicas,$c2012.
=300  \\$a455 pages :$billustrations, maps ;$c22 cm
=336  \\$atext$2rdacontent
=337  \\$aunmediated$2rdamedia
=338  \\$avolume$2rdacarrier
=504  \\$aIncludes bibliographical references (p. [441]-455) and index.
=610  20$aFranciscans$xMissions$zArgentina$zSanta Fe (Province)$xHistory.
=650  \0$aMocoví Indians$zArgentina$zSanta Fe (Province)$xHistory.
=650  \0$aMocoví Indians$zArgentina$zSanta Fe (Province)$xGovernment relations$xHistory.
=651  \0$aColonia Dolores (Santa Fe, Argentina)$xHistory.
=852  41$aBritish Library$bHMNTS$jYF.2013.a.18299
=856  41$uhttp://core.cambeiro.com.ar/0-166097-0.pdf
=CAT  \\$a6503$b40$c20130521$lBLL01$h1600
=CAT  \\$a5703$b40$c20130925$lBLL01$h1425
=FIN  \\$aY$d20130925
=FMT  \\$a  BK
=LAS  \\$a5703$b40$c20130925$lBLL01$h1425
=SID  \\$aZ39$bOCLC

