=LDR  01530 am a2200421 a 4500
=001  016415836
=003  Uk
=005  20130926130539.0
=008  120606s2011\\\\ag\\\\\\\b\\\\000\0\spa\d
=020  \\$a9789871855018
=020  \\$a987185501X
=035  \\$a(OCoLC)805394194
=040  \\$aAR-BaFGC$cN15$dOCLCO$dCGU$dUk
=042  \\$aukblderived
=043  \\$as-ag---
=050  \4$aBX1462.2$b.F33 2011
=100  1\$aFabris, Mariano.
=245  10$aIglesia y democracia :$bavatares de la jerarquía católica en la Argentina post autoritaria : 1983-1989 /$cMariano Fabris.
=260  \\$aRosario [Argentina] :$bProhistoria Ediciones,$c2011.
=300  \\$a280 pages ;$c23 cm.
=336  \\$atext$2rdacontent
=337  \\$aunmediated$2rdamedia
=338  \\$avolume$2rdacarrier
=490  1\$aColección Universidad ;$v10
=504  \\$aIncludes bibliographical references.
=610  20$aCatholic Church.$bConferencia Episcopal Argentina.
=650  \0$aChurch and state$zArgentina$xHistory$y20th century.
=650  \0$aChurch and state$xCatholic Church$xHistory$y20th century.
=651  \0$aArgentina$xPolitics and government$y1983-2002.
=830  \0$aColección Universidad (Prohistoria Ediciones) ;$v10.
=852  41$aBritish Library$bHMNTS$jYF.2013.a.18492
=856  41$uhttp://core.cambeiro.com.ar/0-162799-9.pdf
=CAT  \\$a6503$b40$c20130521$lBLL01$h1603
=CAT  \\$a5703$b40$c20130926$lBLL01$h1305
=FIN  \\$aY$d20130926
=FMT  \\$a  BK
=LAS  \\$a5703$b40$c20130926$lBLL01$h1305
=SID  \\$aZ39$bOCLC

