=LDR  01512 am a2200397 a 4500
=001  016415846
=003  Uk
=005  20140203075403.0
=008  120223s2011\\\\ag\a\\\\\b\\\\001\0\spa\d
=010  \\$a  2012377098
=020  \\$a9789871814015
=035  \\$a(AR-BaFGC)0-164928/0
=040  \\$aAR-BaFGC$cAR-BaFGC$dDLC$dUk
=042  \\$aukblderived
=043  \\$as------$as-ag---
=050  00$aHV6322.3.S63$bS25 2011
=100  1\$aSalguero, Cecilio Manuel.
=245  13$aEl Plan Cóndor en Córdoba :$borigen, desarrollo y consecuencias : 1973-1983 /$cCecilio Manuel Salguero.
=260  \\$aCórdoba, Argentina :$bCasa de las Tejas Editora,$cc2011.
=300  \\$a437 p. :$bill. ;$c21 cm.
=336  \\$atext$2rdacontent
=337  \\$aunmediated$2rdamedia
=338  \\$avolume$2rdacarrier
=504  \\$aIncludes bibliographical references and index.
=610  20$aOperación Cóndor (South American countersubversion association)
=650  \0$aState-sponsored terrorism$zSouthern Cone of South America$xHistory$y20th century.
=650  \0$aState-sponsored terrorism$zArgentina$xHistory$y20th century.
=651  \0$aSouthern Cone of South America$xPolitics and government$y20th century.
=852  41$aBritish Library$bHMNTS$jYF.2014.a.3033
=856  41$uhttp://core.cambeiro.com.ar/0-164928-0.pdf
=CAT  \\$a6503$b40$c20130521$lBLL01$h1614
=CAT  \\$a11131$b40$c20140203$lBLL01$h0754
=FIN  \\$aY$d20140203
=FMT  \\$a  BK
=LAS  \\$a11131$b40$c20140203$lBLL01$h0754
=SRC  \\$aBLL02

