=LDR  01500 am a2200421 a 4500
=001  016415851
=003  Uk
=005  20131106111208.0
=008  120621s2012\\\\ag\a\\\\\b\\\\000\0\spa\d
=020  \\$a9789871599936
=020  \\$a9871599935
=035  \\$a(OCoLC)805394448
=040  \\$aAR-BaFGC$cN15$dOCLCO$dUk
=042  \\$aukblderived
=043  \\$as-ag---
=050  \4$aHD1862$b.A36 2012
=100  1\$aAinsuain, Oscar.
=245  10$aA 100 años del grito de Alcorta :$bsoja, agronegocios y explotación /$cOscar Ainsuain y Mariana Echaguibel.
=246  3\$aA cien años del grito de Alcorta
=260  \\$a[Buenos Aires?] :$bFundación Ciccus,$cc2012.
=300  \\$a216 pages :$billustrations ;$c23 cm
=336  \\$atext$2rdacontent
=337  \\$aunmediated$2rdamedia
=338  \\$avolume$2rdacarrier
=504  \\$aIncludes bibliographical references (p. 209-212).
=650  \0$aAgriculture$xEconomic aspects$zArgentina.
=650  \0$aAgriculture and state$zArgentina.
=650  \0$aStrikes and lockouts$xAgricultural laborers$zArgentina$zSanta Fe (Province)$xHistory$y20th century.
=651  \0$aArgentina$xRural conditions.
=700  1\$aEchaguibel, Mariana.
=852  41$aBritish Library$bHMNTS$jYF.2013.a.22199
=856  41$uhttp://core.cambeiro.com.ar/0-166648-0.pdf
=CAT  \\$a6503$b40$c20130521$lBLL01$h1619
=CAT  \\$a5703$b40$c20131106$lBLL01$h1112
=FIN  \\$aY$d20131106
=FMT  \\$a  BK
=LAS  \\$a5703$b40$c20131106$lBLL01$h1112
=SID  \\$aZ39$bOCLC

