=LDR  02890 am a22004217a 4500
=001  016415852
=003  Uk
=005  20130925154851.0
=008  120724s2012\\\\ag\a\\\\\b\\\\000\0\spa\d
=020  \\$a9789871648337
=020  \\$a9871648332
=035  \\$a(OCoLC)813226724
=040  \\$aAR-BaFGC$cN15$dOCLCQ$dNOC$dUk
=042  \\$aukblderived
=043  \\$as-ag---
=050  \4$aHD8270.B34$bM86 2012
=245  00$aMundo del trabajo, organizaciones sindicales y conflictividad :$bmemorias obreras en Bahía Blanca durante el siglo XX /$cMabel N. Cernadas, José B. Marcilese, compiladores ; Natalia Aguilera ... [et al.].
=260  \\$aBahía Blanca, Argentina :$bUniversidad Nacional del Sur,$cc2012.
=300  \\$a270 p. :$bill. ;$c22 cm.
=336  \\$atext$2rdacontent
=337  \\$aunmediated$2rdamedia
=338  \\$avolume$2rdacarrier
=504  \\$aIncludes bibliographical references.
=505  0\$aLos testimonios orales: historia, voces y memoria / Mabel N. Cernadas y José B. Marcilese -- Sangre, sudor y lágrimas: el frigorífico CAP-Cuatreros y sus trabajadores. La huelga de los frigoríficos de 1962 en la localidad de General Daniel Cerri / Franco Baier -- Trabajo fabril y control: la experiencia de los trabajadores del frigorífico CAP-Cuatreros / M. Celeste Napal -- Testimonios / entrevistores: Franco Baier, Luciana Col, José B. Marcilese -- Industria metalúrgica, obreros y dinámica sindical. La 'patria metalúrgica" en los años del primer peronismo: una mirada desde la seccional Bahía Blanca de la UOM / Jose B. Marcilese -- Representaciones sobre la industria metalúrgica bahiense en los testimonios orales de antiguos trabajadores del rubro / Gonzalo Cabezas -- Testimonios / entevistores: César Alejandro Violi Cattaneo, Gonzalo Cabezas y Rocío Zanetto -- Los trabajadores tectiles en Bahían Blanca, visiones y relatos sobre el mundo del trabajo y las organizaciones obreras. El sindicato de trabajadores textiles de Bahía Blanca: proceso formativo, peronizacion, resistencia e integración (1944-1976) / Duilio Minieri -- Testimonios / entrevistores: Duilio Minieri ... [et al.].
=650  \0$aIndustrial relations$zArgentina$zBahía Blanca$xHistory$y20th century$vCase studies.
=650  \0$aLabor unions$xPolitical activity$zArgentina$zBahía Blanca$xHistory$y20th century$vCase studies.
=650  \0$aWorking class$zArgentina$zBahía Blanca$vInterviews.
=700  1\$aCernadas de Bulnes, Mabel Nélida.
=700  1\$aMarcilese, José.
=852  41$aBritish Library$bHMNTS$jYF.2013.a.18513
=856  41$uhttp://core.cambeiro.com.ar/0-166765-0.pdf
=CAT  \\$a6503$b40$c20130521$lBLL01$h1620
=CAT  \\$a5512$b40$c20130925$lBLL01$h1548
=CAT  \\$aBATCH-UPD$b40$c20151003$lBLL01$h1727
=FIN  \\$aY$d20130925
=FMT  \\$a  BK
=LAS  \\$aBATCH-UPD$b40$c20151003$lBLL01$h1727
=SID  \\$aZ39$bOCLC

