=LDR  01450 am a22004337a 4500
=001  016415853
=003  Uk
=005  20130926094404.0
=008  120725s2012\\\\ag\af\\\\b\\\\000\0bspa\d
=020  \\$a9789876843218
=020  \\$a9876843214
=035  \\$a(OCoLC)812454923
=040  \\$aAR-BaFGC$cN15$dOCLCO$dI5B$dZCU$dOCLCO$dUk
=042  \\$aukblderived
=043  \\$as-ag---
=050  \4$aF2849.P37$bG35 2012
=100  1\$aGalasso, Norberto.
=245  13$aLa compañera Evita :$bvida de Eva Duarte de Perón /$cNorberto Galasso.
=250  \\$a1a ed.
=260  \\$aBuenos Aires :$bColihue,$c[2012]
=300  \\$a231 p., viii of plates :$bill. (some col.) ;$c24 cm.
=336  \\$atext$2rdacontent
=337  \\$aunmediated$2rdamedia
=338  \\$avolume$2rdacarrier
=490  1\$aGrandes biografías
=504  \\$aIncludes bibliographical references (p. [229]-231).
=600  10$aPerón, Eva,$d1919-1952.
=650  \0$aPresidents' spouses$zArgentina$vBiography.
=650  \0$aWomen politicians$zArgentina$vBiography.
=651  \0$aArgentina$xPolitics and government$y1943-1955.
=830  \0$aGrandes biografías.
=852  41$aBritish Library$bHMNTS$jYF.2013.a.18591
=856  41$uhttp://core.cambeiro.com.ar/0-89604-6.pdf
=CAT  \\$a6503$b40$c20130521$lBLL01$h1623
=CAT  \\$a5512$b40$c20130926$lBLL01$h0944
=FIN  \\$aY$d20130926
=FMT  \\$a  BK
=LAS  \\$a5512$b40$c20130926$lBLL01$h0944
=SID  \\$aZ39$bOCLC

