=LDR  01370 am a2200397 a 4500
=001  016416616
=003  Uk
=005  20131127132804.0
=008  120118s2011\\\\ag\\\\\\\b\\\\000\0bspa\d
=020  \\$a9789876143301
=020  \\$a9876143301
=035  \\$a(OCoLC)794822025$z(OCoLC)761857158
=040  \\$aAR-BaFGC$beng$cN15$dBTCTA$dYDXCP$dBDX$dQGK$dUk
=042  \\$aukblderived
=043  \\$as-ag---
=050  \4$aHQ1534.B8$bM36 2011
=100  1\$aMantero, Luciana.
=245  10$aMargarita Barrientos :$buna crónica sobre la pobreza, el poder y la solidaridad /$cLuciana Mantero.
=260  \\$aBuenos Aires :$bCapital Intelectual,$c2011.
=300  \\$a332 pages ;$c21 cm
=336  \\$atext$2rdacontent
=337  \\$aunmediated$2rdamedia
=338  \\$avolume$2rdacarrier
=504  \\$aIncludes bibliographical references.
=600  10$aBarrientos, Margarita.
=610  20$aComedor Los Piletones (Argentina)
=650  \0$aWomen in community development$zArgentina$zBuenos Aires$vBiography.
=650  \0$aFood relief$zArgentina$zBuenos Aires.
=852  41$aBritish Library$bHMNTS$jYF.2013.a.24480
=856  41$uhttp://core.cambeiro.com.ar/0-164370-0.pdf
=CAT  \\$a9518$b40$c20130521$lBLL01$h1742
=CAT  \\$a5703$b40$c20131127$lBLL01$h1328
=FIN  \\$aY$d20131127
=FMT  \\$a  BK
=LAS  \\$a5703$b40$c20131127$lBLL01$h1328
=SID  \\$aZ39$bOCLC

