=LDR  01738 am a2200481 a 4500
=001  016416617
=003  Uk
=005  20130925155754.0
=008  120305s2011\\\\ag\a\\\\\b\\\\000\0dspa\d
=020  \\$a9789879620328
=020  \\$a9879620321
=035  \\$a(OCoLC)793426577
=040  \\$aAR-BaFGC$cN15$dCUY$dUk
=042  \\$aukblderived
=043  \\$as-ag---
=050  \4$aHV6322.3.A7$bM37165 2011
=050  14$aHV6322.3.A7$bM3775 2011
=050  \4$aHV6322.3.A7$bM37 2011
=100  1\$aMartínez, Juan Carlos.
=245  13$aLa apropiadora /$cJuan Carlos Martínez.
=260  \\$aCiudad Autónoma de Buenos Aires :$bLumbre,$cc2011.
=300  \\$a199 p. :$bill. ;$c23 cm.
=336  \\$atext$2rdacontent
=337  \\$aunmediated$2rdamedia
=338  \\$avolume$2rdacarrier
=500  \\$a"La tenaz resistencia de Ernestina Herrera de Noble a revelar los orígenes de Marcela y Felipe, los hijos apropiados durante la dictadura militar."--Cover p. 1.
=504  \\$aIncludes bibliographical references.
=600  10$aHerrera de Noble, Ernestina Laura$xFamily.
=650  \0$aChildren of disappeared persons$zArgentina.
=650  \0$aRich people$zArgentina.
=650  \0$aWomen executives$zArgentina.
=650  \0$aBusinesswomen$zArgentina.
=650  \0$aChildren of working mothers$zArgentina.
=852  41$aBritish Library$bHMNTS$jYF.2013.a.18514
=856  41$uhttp://core.cambeiro.com.ar/0-165587-0.pdf
=CAT  \\$a9518$b40$c20130521$lBLL01$h1744
=CAT  \\$a5512$b40$c20130925$lBLL01$h1557
=CAT  \\$aBATCH-UPD$b40$c20170618$lBLL01$h2054
=CAT  \\$aBATCH-UPD$b40$c20201127$lBLL01$h2040
=FIN  \\$aY$d20130925
=FMT  \\$a  BK
=LAS  \\$aBATCH-UPD$b40$c20201127$lBLL01$h2040
=SID  \\$aZ39$bOCLC

