=LDR  01531 am a2200433 i 4500
=001  016416919
=003  Uk
=005  20150714081806.0
=008  120516s2012\\\\ag\\\\\\\b\\\\000\0\spa\d
=010  \\$a  2012377432
=020  \\$a9789500738620
=035  \\$a(AR-BaFGC)0-140234/16
=040  \\$aAR-BaFGC$cAR-BaFGC$dDLC$dUk$erda
=042  \\$aukblderived
=043  \\$as-ag---
=050  00$aHX183.8.P35$bA25 2012
=100  1\$aPalacios, Alfredo L.$q(Alfredo Lorenzo),$d1878-1965.
=240  10$aWorks.$kSelections
=245  13$aEl socialismo de Alfredo Palacios /$cRubén Giustiniani [compilador] ; con la colaboración de Lucas Doldan.
=260  \\$aBuenos Aires :$bCOPPPAL, Argentina :$bEditorial Sudamericana,$c2012.
=300  \\$a217 pages ;$c19 cm.
=336  \\$atext$2rdacontent
=337  \\$aunmediated$2rdamedia
=338  \\$avolume$2rdacarrier
=490  0\$aColección América Latina y democracia
=504  \\$aIncludes bibliographical references (pages 207-212).
=650  \0$aSocialism$zArgentina.
=651  \0$aArgentina$xPolitics and government$y1910-1943.
=651  \0$aArgentina$xPolitics and government$y1943-1955.
=700  1\$aGiustiniani, Rubén.
=700  1\$aDoldan, Lucas.
=852  41$aBritish Library$bHMNTS$jYF.2015.a.13652
=856  41$uhttp://core.cambeiro.com.ar/0-140234-16.pdf
=CAT  \\$a6503$b40$c20130522$lBLL01$h1614
=CAT  \\$a11131$b40$c20150714$lBLL01$h0818
=FIN  \\$aY$d20150714
=FMT  \\$a  BK
=LAS  \\$a11131$b40$c20150714$lBLL01$h0818
=SRC  \\$aBLL02

