=LDR  01443 am a2200409 a 4500
=001  016416923
=003  Uk
=005  20130926084424.0
=008  120605s2012\\\\ag\af\\\\b\\\\000\0bspa\d
=020  \\$a9789500434614
=020  \\$a950043461X
=035  \\$a(OCoLC)811124186
=040  \\$aAR-BaFGC$cN15$dIXA$dUk
=042  \\$aukblderived
=043  \\$as-ag---
=050  \4$aF2845.B378$bM37 2012
=100  1\$aMarco, Miguel Ángel de.
=245  10$aBelgrano :$bartífice de la nación, soldado de la libertad /$cMiguel Ángel De Marco.
=260  \\$aC.A.B.A. [i.e. Ciudad Autónoma de Buenos Aires] :$bEmecé,$cc2012.
=300  \\$a285 pages, [16] pages of plates :$billustrations ;$c23 cm
=336  \\$atext$2rdacontent
=337  \\$aunmediated$2rdamedia
=338  \\$avolume$2rdacarrier
=504  \\$aIncludes bibliographical references (p. 284-285).
=600  10$aBelgrano, Manuel,$d1770-1820.
=650  \0$aGenerals$zArgentina$vBiography.
=651  \0$aArgentina$xHistory$y1776-1810.
=651  \0$aArgentina$xHistory$yWar of Independence, 1810-1817.
=852  41$aBritish Library$bHMNTS$jYF.2013.a.18512
=856  41$uhttp://core.cambeiro.com.ar/0-166467-0.pdf
=CAT  \\$a6503$b40$c20130522$lBLL01$h1620
=CAT  \\$a5703$b40$c20130926$lBLL01$h0844
=CAT  \\$aBATCH-UPD$b40$c20200819$lBLL01$h2024
=FIN  \\$aY$d20130926
=FMT  \\$a  BK
=LAS  \\$aBATCH-UPD$b40$c20200819$lBLL01$h2024
=SID  \\$aZ39$bOCLC

