=LDR  01349 am a2200409 a 4500
=001  016416928
=003  Uk
=005  20130926104146.0
=008  120613s2012\\\\ag\\\\\\\b\\\\000\0bspa\d
=020  \\$a9789504928799
=020  \\$a950492879X
=035  \\$a(OCoLC)810290709
=040  \\$aAR-BaFGC$cN15$dUk
=042  \\$aukblderived
=043  \\$as-ag---
=050  \4$aF2849.P37$bP54 2012
=100  1\$aPigna, Felipe.
=245  10$aEvita :$bjirones de su vida /$cFelipe Isidro Pigna.
=260  \\$aC.A.B.A. [Ciudad Autónoma de Buenos Aires] :$bPlaneta,$cc2012.
=300  \\$a383 pages ;$c23 cm
=336  \\$atext$2rdacontent
=337  \\$aunmediated$2rdamedia
=338  \\$avolume$2rdacarrier
=504  \\$aIncludes bibliographical references (p. [371]-377).
=600  10$aPerón, Eva,$d1919-1952.
=650  \0$aPeronism$xHistory$y20th century.
=650  \0$aWomen politicians$zArgentina$vBiography.
=650  \0$aPresidents' spouses$zArgentina$vBiography.
=651  \0$aArgentina$xPolitics and government$y1943-1955.
=852  41$aBritish Library$bHMNTS$jYF.2013.a.18348
=856  41$uhttp://core.cambeiro.com.ar/0-166622-0.pdf
=CAT  \\$a6503$b40$c20130522$lBLL01$h1624
=CAT  \\$a5703$b40$c20130926$lBLL01$h1041
=FIN  \\$aY$d20130926
=FMT  \\$a  BK
=LAS  \\$a5703$b40$c20130926$lBLL01$h1041
=SID  \\$aZ39$bOCLC

