=LDR  01983 am a2200469 a 4500
=001  016416932
=003  Uk
=005  20131107130645.0
=008  120726s2011\\\\ag\a\\\\\b\\\\000\0\spa\d
=020  \\$a9789872648152
=020  \\$a9872648158
=035  \\$a(OCoLC)811124278
=040  \\$aAR-BaFGC$cN15$dIXA$dNYP$dUk
=042  \\$aukblderived
=043  \\$as-ag---
=050  \4$aHN270.C6$bA28 2011
=245  04$aLos grupos sociales en la modernización latinoamericana de entre siglos :$bactores, escenarios y representaciones : Argentina, Chile y México, siglos XIX-XX /$cFernando J. Remedi, Teresita Rodríguez Morales, editores.
=260  \\$aCórdoba, República Argentina :$bCentro de Estudios Históricos "Prof. Carlos S.A. Segreti" :$bCONICET ;$aSantiago de Chile, Chile :$bCentro de Estudios Culturales Latinoamericanos,$cc2011.
=300  \\$a260 pages :$billustrations ;$c23 cm
=336  \\$atext$2rdacontent
=337  \\$aunmediated$2rdamedia
=338  \\$avolume$2rdacarrier
=500  \\$aCover title.
=504  \\$aIncludes bibliographical references.
=650  \0$aSocial groups$zArgentina$zCórdoba (Province)$xHistory.
=650  \0$aSocial groups$zChile$xHistory.
=650  \0$aSocial groups$zMexico$xHistory.
=650  \0$aWorking class$zArgentina$zCórdoba$xSocial conditions.
=650  \0$aWorking class$zMexico$xSocial conditions.
=650  \0$aWorking class$zChile$xSocial conditions.
=650  \0$aSocial representations$zArgentina$zCórdoba (Province)$xHistory.
=651  \0$aCórdoba (Argentina : Province)$xSocial conditions.
=700  1\$aRemedi, Fernando Javier.
=700  1\$aRodríguez Morales, Teresita.
=852  41$aBritish Library$bHMNTS$jYF.2013.a.22164
=856  41$uhttp://core.cambeiro.com.ar/0-166274-0.pdf
=CAT  \\$a6503$b40$c20130522$lBLL01$h1633
=CAT  \\$a5703$b40$c20131107$lBLL01$h1306
=FIN  \\$aY$d20131107
=FMT  \\$a  BK
=LAS  \\$a5703$b40$c20131107$lBLL01$h1306
=SID  \\$aZ39$bOCLC

