=LDR  01338 am a2200409 a 4500
=001  016416954
=003  Uk
=005  20130926105246.0
=008  111012s2011\\\\ag\\\\\\\b\\\\000\0\spa\d
=010  \\$a  2011438711
=020  \\$a9789871724086
=020  \\$a987172408X
=035  \\$a(OCoLC)768306215$z(OCoLC)768306216
=040  \\$aAR-BaFGC$cN15$dGZM$dIQU$dUk
=042  \\$aukblderived
=043  \\$as-ag---
=050  \4$aPQ7654$b.M46 2011
=100  1\$aMéndez, Marcelo,$d1966-
=245  10$aLiteratura argentina y otros combates /$cMarcelo Méndez.
=250  \\$a1. ed.
=260  \\$aBuenos Aires ;$aBahía Blanca :$b17g Editora,$c2011.
=300  \\$a145 p. ;$c20 cm.
=336  \\$atext$2rdacontent
=337  \\$aunmediated$2rdamedia
=338  \\$avolume$2rdacarrier
=490  1\$aColección Deslinde. Ensayos críticos
=504  \\$aIncludes bibliographical references.
=650  \0$aArgentine literature$y20th century$xHistory and criticism.
=830  \0$aColección Lindante.$pEnsayos críticos.
=852  41$aBritish Library$bHMNTS$jYF.2013.a.18385
=856  41$uhttp://core.cambeiro.com.ar/0-163264-1.pdf
=CAT  \\$a8157$b40$c20130523$lBLL01$h0748
=CAT  \\$a5512$b40$c20130926$lBLL01$h1052
=FIN  \\$aY$d20130926
=FMT  \\$a  BK
=LAS  \\$a5512$b40$c20130926$lBLL01$h1052
=SID  \\$aZ39$bOCLC

