=LDR  01481 am a22003977a 4500
=001  016416955
=003  Uk
=005  20130925092621.0
=008  120502s2011\\\\ag\a\\\\\b\\\f100\0\spa\d
=020  \\$a9789876301121
=020  \\$a9876301128
=035  \\$a(OCoLC)798213317
=040  \\$aAR-BaFGC$cN15$dOCLCO$dCGU$dUk
=042  \\$aukblderived
=050  \4$aPQ7798.13.O71788$bZ576 2011
=245  00$aDecirlo todo :$bescritura y negatividad en Carlos Correas /$cJorge Fraguas y Eduardo Muslip, compiladores ; [autores, Emilio Bernini ... et al.].
=260  \\$aLos Polvorines, Prov. de Buenos Aires, Argentina :$bUniversidad Nacional de General Sarmiento,$cc2011.
=300  \\$a255 p. :$bill. ;$c21 cm.
=336  \\$atext$2rdacontent
=337  \\$aunmediated$2rdamedia
=338  \\$avolume$2rdacarrier
=490  1\$aColección Humanidades
=504  \\$aIncludes bibliographical references.
=600  10$aCorreas, Carlos$xCriticism and interpretation$vCongresses.
=700  1\$aFraguas, José.
=700  1\$aMuslip, Eduardo,$d1965-
=710  2\$aUniversidad Nacional de General Sarmiento.
=830  \0$aColección Humanidades (Prometeo Libros (Firm))
=852  41$aBritish Library$bHMNTS$jYF.2013.a.18396
=856  41$uhttp://core.cambeiro.com.ar/0-159061-8.pdf
=CAT  \\$a8157$b40$c20130523$lBLL01$h0749
=CAT  \\$a11002$b40$c20130925$lBLL01$h0926
=FIN  \\$aY$d20130925
=FMT  \\$a  BK
=LAS  \\$a11002$b40$c20130925$lBLL01$h0926
=SID  \\$aZ39$bOCLC

