=LDR  01277 am a2200385 a 4500
=001  016417073
=003  Uk
=005  20130830074500.0
=008  120928s2012\\\\ag\a\\\\\b\\\\000\0dspa\d
=020  \\$a9872782016
=020  \\$a9789872782016
=035  \\$a(OCoLC)819533433
=040  \\$aAR-BaFGC$beng$cN15$dOCLCO$dIXA$dPIT$dUk
=042  \\$aukblderived
=043  \\$as------
=050  \4$aPQ7551$b.J56 2012
=100  1\$aJiménez, Reynaldo,$d1959-
=245  13$aEl cóncavo :$bimágenes irreductibles y superrealismos sudamericanos /$cR. Jiménez.
=260  \\$aBuenos Aires :$bEditorial Descierto,$c2012.
=300  \\$a364 p. :$bill. ;$c21 cm.
=336  \\$atext$2rdacontent
=337  \\$aunmediated$2rdamedia
=338  \\$avolume$2rdacarrier
=490  0\$aDescierto ensayos
=504  \\$aIncludes bibliographical references.
=650  \0$aSpanish American literature$y20th century$xHistory and criticism.
=650  \0$aSurrealism (Literature)
=852  41$aBritish Library$bHMNTS$jYF.2013.a.16339
=856  41$uhttp://core.cambeiro.com.ar/0-167751-1.pdf
=CAT  \\$a8157$b40$c20130523$lBLL01$h1124
=CAT  \\$a11002$b40$c20130830$lBLL01$h0745
=FIN  \\$aY$d20130830
=FMT  \\$a  BK
=LAS  \\$a11002$b40$c20130830$lBLL01$h0745
=SID  \\$aZ39$bOCLC

