=LDR  01361 am a22003857a 4500
=001  016417141
=003  Uk
=005  20130829150236.0
=008  120912s2011\\\\ag\\\\\\\b\\\\001\0\spa\d
=020  \\$a9789509010574
=020  \\$a950901057X
=035  \\$a(OCoLC)819532438
=040  \\$aAR-BaFGC$cN15$dUk
=042  \\$aukblderived
=043  \\$as-ag---
=050  \4$aML3017.A78$bB84 2011
=100  1\$aVeniard, Juan María.
=245  13$aLa música en la iglesia :$blas manifestaciones musicales en los templos católicos de Buenos Aires, 1536-2000 /$cJuan María Veniard.
=260  \\$aCiudad Autónoma de Buenos Aires :$bCIAFIC Ediciones,$c2011.
=300  \\$a365 p. ;$c22 cm.
=336  \\$atext$2rdacontent
=337  \\$aunmediated$2rdamedia
=338  \\$avolume$2rdacarrier
=504  \\$aIncludes bibliographical references (p. [349]-357) and index.
=650  \0$aMusic in churches$zArgentina$zBuenos Aires$xHistory.
=650  \0$aChurch music$xCatholic Church.
=650  \0$aChurch music$zArgentina$zBuenos Aires$xHistory.
=852  41$aBritish Library$bHMNTS$jYF.2013.a.16572
=856  41$uhttp://core.cambeiro.com.ar/0-166121-0.pdf
=CAT  \\$a6503$b40$c20130523$lBLL01$h1230
=CAT  \\$a11002$b40$c20130829$lBLL01$h1502
=FIN  \\$aY$d20130829
=FMT  \\$a  BK
=LAS  \\$a11002$b40$c20130829$lBLL01$h1502
=SID  \\$aZ39$bOCLC

