=LDR  01510 am a2200409 a 4500
=001  016417193
=003  Uk
=005  20131107112329.0
=008  120604s2011\\\\ag\\\\\\\b\\\\000\0\spa\d
=020  \\$a9789871354931
=020  \\$a9871354932
=035  \\$a(OCoLC)808600649
=040  \\$aAR-BaFGC$cN15$dOCLCO$dCGU$dUk
=042  \\$aukblderived
=043  \\$as-ag---
=050  \4$aPQ7654$b.V54 2011
=245  03$aEl viento de las circunstancias materiales :$bsobre literatura y otras expresiones culturales argentinas en el Buenos Aires de 1926 /$cGuillermo Gasió, investigación y edición ; Gabriela García Cedro, estudio preliminar.
=260  \\$aBuenos Aires :$bTeseo,$cc2011.
=300  \\$a373 pages ;$c20 cm.
=336  \\$atext$2rdacontent
=337  \\$aunmediated$2rdamedia
=338  \\$avolume$2rdacarrier
=490  1\$aEnsayo
=504  \\$aIncludes bibliographical references.
=650  \0$aArgentine literature$y20th century$xHistory and criticism$vSources.
=651  \0$aBuenos Aires (Argentina)$xIntellectual life$y20th century$vSources.
=700  1\$aGasió, Guillermo.
=830  \0$aEnsayo (Teseo (Firm))
=852  41$aBritish Library$bHMNTS$jYF.2013.a.22515
=856  41$uhttp://core.cambeiro.com.ar/0-152240-8.pdf
=CAT  \\$a8157$b40$c20130523$lBLL01$h1414
=CAT  \\$a5703$b40$c20131107$lBLL01$h1123
=CAT  \\$aBATCH-UPD$b40$c20150514$lBLL01$h2059
=FIN  \\$aY$d20131107
=FMT  \\$a  BK
=LAS  \\$aBATCH-UPD$b40$c20150514$lBLL01$h2059
=SID  \\$aZ39$bOCLC

