=LDR  01428 am a22004454a 4500
=001  016417266
=003  Uk
=005  20130925153746.0
=008  120712s2012\\\\ag\\\\\\\\\\\\000\0\spa\c
=020  \\$a9789507317255
=020  \\$a9507317252
=020  \\$a9786070713224
=020  \\$a6070713222
=035  \\$a(OCoLC)811124182$z(OCoLC)823938974
=040  \\$aAR-BaFGC$cPUL$dN15$dNDD$dCGU$dUk
=042  \\$aukblderived
=043  \\$af-sa---
=050  \4$aGV943.5 2010$b.C37 2012
=100  1\$aCaparrós, Martín,$d1957-
=245  10$aIda y vuelta :$buna correspondencia sobre fútbol /$cMartín Caparrós, Juan Villoro.
=250  \\$a1. ed.
=260  \\$aMéxico, D.F. :$bSeix Barral,$cc2012.
=300  \\$a191 p. ;$c23 cm.
=336  \\$atext$2rdacontent
=337  \\$aunmediated$2rdamedia
=338  \\$avolume$2rdacarrier
=490  1\$aLos tres mundos
=600  10$aCaparrós, Martín,$d1957-$vCorrespondence.
=600  10$aVilloro, Juan,$d1956-$vCorrespondence.
=611  20$aWorld Cup (Soccer)$d(2010 :$cSouth Africa)
=700  1\$aVilloro, Juan,$d1956-
=830  \0$aTres mundos.
=852  41$aBritish Library$bHMNTS$jYF.2013.a.18433
=856  41$uhttp://core.cambeiro.com.ar/0-163401-2.pdf
=CAT  \\$a8157$b40$c20130523$lBLL01$h1617
=CAT  \\$a11002$b40$c20130925$lBLL01$h1537
=FIN  \\$aY$d20130925
=FMT  \\$a  BK
=LAS  \\$a11002$b40$c20130925$lBLL01$h1537
=SID  \\$aZ39$bOCLC

