=LDR  01164 am a2200373 a 4500
=001  016417274
=003  Uk
=005  20130830084416.0
=008  120528s2012\\\\ag\\\\\\\\\\\\001\1\spa\c
=020  \\$a9789870423119
=020  \\$a9870423116
=035  \\$a(OCoLC)800333464
=040  \\$aAR-BaFGC$cN15$dPL#$dI5B$dOCLCO$dTJC$dCGU$dIXA$dUk
=042  \\$aukblderived
=050  \4$aPQ7798.14.U4$bC67 2012
=100  1\$aDujovne Ortiz, Alicia.
=245  13$aUn corazón tan recio /$cAlicia Dujovne Ortiz.
=250  \\$a1. ed.
=260  \\$aCiudad de Buenos Aires :$bAlfaguara,$cc2012.
=300  \\$a328 p. ;$c24 cm.
=336  \\$atext$2rdacontent
=337  \\$aunmediated$2rdamedia
=338  \\$avolume$2rdacarrier
=500  \\$aA novel.
=500  \\$a"Prisa Ediciones"--T.p. verso.
=600  00$aTeresa,$cof Avila, Saint,$d1515-1582$vFiction.
=852  41$aBritish Library$bHMNTS$jYF.2013.a.16335
=856  41$uhttp://core.cambeiro.com.ar/0-166425-0.pdf
=CAT  \\$a8157$b40$c20130523$lBLL01$h1624
=CAT  \\$a11002$b40$c20130830$lBLL01$h0844
=FIN  \\$aY$d20130830
=FMT  \\$a  BK
=LAS  \\$a11002$b40$c20130830$lBLL01$h0844
=SID  \\$aZ39$bOCLC

