=LDR  01084 am a22003617a 4500
=001  016417293
=003  Uk
=005  20130926110826.0
=008  120606s2012\\\\ag\\\\\\\\\\\\000\1\spa\d
=010  \\$a2012502138
=020  \\$a9789876581417
=020  \\$a9876581414
=035  \\$a(OCoLC)805394410
=040  \\$aAR-BaFGC$beng$cN15$dPL#$dI5B$dDLC$dGZM$dUk
=042  \\$aukblderived
=050  \4$aPQ7797.V4214$bM37 2012
=100  1\$aVenturini, Aurora.
=245  13$aEl marido de mi madrastra /$cAurora Venturini.
=260  \\$aBuenos Aires :$bMondadori,$cc2012.
=300  \\$a232 p. ;$c23 cm.
=336  \\$atext$2rdacontent
=337  \\$aunmediated$2rdamedia
=338  \\$avolume$2rdacarrier
=490  1\$aLiteratura Mondadori
=830  \0$aLiteratura Mondadori.
=852  41$aBritish Library$bHMNTS$jYF.2013.a.18391
=856  41$uhttp://core.cambeiro.com.ar/0-75261-82.pdf
=CAT  \\$a8157$b40$c20130523$lBLL01$h1640
=CAT  \\$a5512$b40$c20130926$lBLL01$h1108
=FIN  \\$aY$d20130926
=FMT  \\$a  BK
=LAS  \\$a5512$b40$c20130926$lBLL01$h1108
=SID  \\$aZ39$bOCLC

