=LDR  01835 am a2200433 a 4500
=001  016417581
=003  Uk
=005  20131107084402.0
=008  120605s2012\\\\ag\a\\\\\b\\\\000\0\spa\d
=020  \\$a9789871859108
=020  \\$a9871859104
=035  \\$a(OCoLC)800333287
=040  \\$aAR-BaFGC$cN15$dOCLCO$dIND$dNYP$dPIT$dUk
=042  \\$aukblderived
=043  \\$acl-----
=050  \4$aJL966$b.C35 2012
=100  1\$aCalderón G., Fernando.
=245  10$aAmérica Latina y el Caribe :$btiempos de cambio : nuevas consideraciones sociológicas sobre la democracia y el desarrollo /$cFernando Calderón Gutiérrez.
=246  30$aTiempos de cambio : nuevas consideraciones sociológicas sobre la democracia y el desarrollo
=260  \\$aBuenos Aires :$bTeseo :$bFLACSO ;$a[Madrid, España] :$bGobierno de España, Ministerio de Asuntos Exteriores y de Cooperación, Agencia Española de Cooperación Internacional para el Desarrollo,$cc2012.
=300  \\$a245 pages :$billustrations ;$c20 cm.
=336  \\$atext$2rdacontent
=337  \\$aunmediated$2rdamedia
=338  \\$avolume$2rdacarrier
=490  1\$aRelaciones internacionales
=504  \\$aIncludes bibliographical references (p. [231]-245).
=650  \0$aDemocracy$zLatin America.
=650  \0$aEquality$zLatin America.
=650  \0$aPolitical culture$zLatin America.
=651  \0$aLatin America$xPolitics and government$y21st century.
=830  \0$aSerie Documentos e informes de investigación.$pArea Relaciones internacionales.
=852  41$aBritish Library$bHMNTS$jYF.2013.a.22516
=856  41$uhttp://core.cambeiro.com.ar/0-163334-8.pdf
=CAT  \\$a9518$b40$c20130524$lBLL01$h1326
=CAT  \\$a5703$b40$c20131107$lBLL01$h0844
=FIN  \\$aY$d20131107
=FMT  \\$a  BK
=LAS  \\$a5703$b40$c20131107$lBLL01$h0844
=SID  \\$aZ39$bOCLC

