=LDR  01551 am a2200421 a 4500
=001  016417587
=003  Uk
=005  20131030114716.0
=008  120517s2012\\\\ag\\\\\\\b\\\\001\0dspa\d
=020  \\$a9789871786329
=020  \\$a9871786328
=035  \\$a(OCoLC)795896164
=040  \\$aAR-BaFGC$cN15$dOCLCO$dPL#$dI5B$dUk
=042  \\$aukblderived
=043  \\$as-ag---
=050  \4$aF2849.2$b.P38 2012
=100  1\$aPavón, Héctor.
=245  14$aLos intelectuales y la política en la Argentina :$bel combate por las ideas, 1983-2012 /$cHéctor Pavón.
=260  \\$aBuenos Aires :$bDebate,$cc2012.
=300  \\$a652 pages ;$c23 cm
=336  \\$atext$2rdacontent
=337  \\$aunmediated$2rdamedia
=338  \\$avolume$2rdacarrier
=504  \\$aIncludes bibliographical references (p. 627-633) and index.
=650  \0$aIntellectuals$xPolitical activity$zArgentina$xHistory$y20th century.
=650  \0$aIntellectuals$xPolitical activity$zArgentina$xHistory$y21st century.
=651  \0$aArgentina$xIntellectual life$y20th century.
=651  \0$aArgentina$xIntellectual life$y21st century.
=651  \0$aArgentina$xPolitics and government$y1983-2002.
=651  \0$aArgentina$xPolitics and government$y21st century.
=852  41$aBritish Library$bHMNTS$jYF.2013.a.21209
=856  41$uhttp://core.cambeiro.com.ar/0-155632-8.pdf
=CAT  \\$a9518$b40$c20130524$lBLL01$h1333
=CAT  \\$a5703$b40$c20131030$lBLL01$h1147
=FIN  \\$aY$d20131030
=FMT  \\$a  BK
=LAS  \\$a5703$b40$c20131030$lBLL01$h1147
=SID  \\$aZ39$bOCLC

