=LDR  01521 am a22004097a 4500
=001  016417591
=003  Uk
=005  20130925165357.0
=008  120808s2012\\\\ag\a\\\\\b\\\\000\0\spa\d
=020  \\$a9789876292214
=020  \\$a9876292218
=035  \\$a(OCoLC)812454914
=040  \\$aAR-BaFGC$cN15$dCGU$dUk
=042  \\$aukblderived
=043  \\$as-ag---
=050  \4$aLB1775.4.A72$bB843 2012
=100  1\$aDonaire, Ricardo.
=245  14$aLos docentes en el siglo XXI :$b¿empobrecidos o proletarizados? /$cRicardo Donaire.
=246  3\$aDocentes en el siglo veintiuno
=260  \\$aBuenos Aires :$bSiglo Veintiuno Editores,$cc2012.
=300  \\$a253 p. :$bill. ;$c21 cm.
=336  \\$atext$2rdacontent
=337  \\$aunmediated$2rdamedia
=338  \\$avolume$2rdacarrier
=490  1\$aSociología y política. Serie Educación y sociedad
=500  \\$aBased in the author's thesis (doctoral)--Universidad de Buenos Aires, 2010.
=504  \\$aIncludes bibliographical references (p. [239]-253).
=650  \0$aTeachers$zArgentina$zBuenos Aires$xSocial conditions$y21st century.
=830  \0$aSociología y política (Siglo Veintiuno Argentina Editores).$pSerie Educación y sociedad.
=852  41$aBritish Library$bHMNTS$jYF.2013.a.18515
=856  41$uhttp://core.cambeiro.com.ar/0-150255-3.pdf
=CAT  \\$a9518$b40$c20130524$lBLL01$h1338
=CAT  \\$a5512$b40$c20130925$lBLL01$h1653
=FIN  \\$aY$d20130925
=FMT  \\$a  BK
=LAS  \\$a5512$b40$c20130925$lBLL01$h1653
=SID  \\$aZ39$bOCLC

