=LDR  01425 am a22004337a 4500
=001  016417593
=003  Uk
=005  20130925165801.0
=008  120903s2012\\\\ag\\\\\\\b\\\\001\0\spa\d
=020  \\$a9789505579204
=020  \\$a9505579209
=035  \\$a(OCoLC)813226825
=040  \\$aAR-BaFGC$cN15$dOCLCQ$dI5B$dCGU$dIXA$dUk
=042  \\$aukblderived
=043  \\$as-ag---
=050  \4$aHV6322.7$b.F45 2012
=100  1\$aFeierstein, Daniel,$d1967-
=245  10$aMemorias y representaciones :$bsobre la elaboración del genocidio /$cDaniel Feierstein.
=250  \\$a1. ed.
=260  \\$aBuenos Aires :$bFondo de Cultura Económica,$c2012.
=300  \\$a209 p. ;$c21 cm.
=336  \\$atext$2rdacontent
=337  \\$aunmediated$2rdamedia
=338  \\$avolume$2rdacarrier
=490  1\$aSección de obras de sociología
=504  \\$aIncludes bibliographical references (p. 189-206) and index.
=650  \0$aGenocide.
=650  \0$aMemory$xSocial aspects.
=650  \0$aGenocide$zArgentina.
=650  \0$aMemory$xSocial aspects$zArgentina.
=830  \0$aSección de obras de sociología.
=852  41$aBritish Library$bHMNTS$jYF.2013.a.18587
=856  41$uhttp://core.cambeiro.com.ar/0-55588-36.pdf
=CAT  \\$a9518$b40$c20130524$lBLL01$h1341
=CAT  \\$a5512$b40$c20130925$lBLL01$h1658
=FIN  \\$aY$d20130925
=FMT  \\$a  BK
=LAS  \\$a5512$b40$c20130925$lBLL01$h1658
=SID  \\$aZ39$bOCLC

