=LDR  01765 am a22004337a 4500
=001  016417596
=003  Uk
=005  20130830073003.0
=008  120725s2012\\\\ag\a\\\\\b\\\\001\0\spa\d
=020  \\$a9789507931314
=020  \\$a9507931317
=035  \\$a(OCoLC)811124274
=040  \\$aAR-BaFGC$cN15$dCGU$dOCLCO$dUk
=042  \\$aukblderived
=043  \\$as-ag---
=050  \4$aHT384.A742$bL85 2012
=245  03$aLa privatopía sacrílega :$befectos del urbanismo privado en humedales de la cuenca baja del Río Luján /$cPatricia Pintos, Patricio Narodowski, coordinadores.
=260  \\$aCABA[i.e. Ciudad Autónoma de Buenos Aires] :$bImago Mundi,$cc2012.
=300  \\$a238 p. :$bill., maps ;$c22 cm.
=336  \\$atext$2rdacontent
=337  \\$aunmediated$2rdamedia
=338  \\$avolume$2rdacarrier
=490  1\$aColección Bitácora argentina
=504  \\$aIncludes bibliographical references (p. [225]-235) and index.
=650  \0$aUrbanization$xEnvironmental aspects$zArgentina$zLuján River Valley (Buenos Aires)
=650  \0$aGated communities$xEnvironmental aspects$zArgentina$zLuján River Valley (Buenos Aires)
=650  \0$aWetlands$xEnvironmental aspects$zArgentina$zLuján River Valley (Buenos Aires)
=650  \0$aEnvironmental degradation$zArgentina$zLuján River Valley (Buenos Aires)
=700  1\$aPintos, Patricia.
=700  1\$aNarodowski, Patricio.
=830  \0$aColección Bitácora argentina.
=852  41$aBritish Library$bHMNTS$jYF.2013.a.16571
=856  41$uhttp://core.cambeiro.com.ar/0-91679-40.pdf
=CAT  \\$a9518$b40$c20130524$lBLL01$h1343
=CAT  \\$a11002$b40$c20130830$lBLL01$h0730
=FIN  \\$aY$d20130830
=FMT  \\$a  BK
=LAS  \\$a11002$b40$c20130830$lBLL01$h0730
=SID  \\$aZ39$bOCLC

