=LDR  01287 am a22003977a 4500
=001  016417611
=003  Uk
=005  20140107122441.0
=008  110929s2011\\\\ag\\\\\\\b\\\\000\0dspa\d
=020  \\$z9789876011266
=035  \\$a(OCoLC)764559202
=040  \\$aAR-BaFGC$cN15$dUk
=042  \\$aukblderived
=043  \\$as-ag---
=050  \4$aF2958$b.C46 2011
=100  1\$aCenteno, Francisco,$d1862-1944.
=245  10$aCrónicas de Salta /$cFrancisco Centeno ; edición de Eulalia Figueroa Solá.
=250  \\$a1. ed.
=260  \\$aBuenos Aires :$bLa Crujía Ediciones,$c2011.
=300  \\$a284 p. ;$c21 cm.
=336  \\$atext$2rdacontent
=337  \\$aunmediated$2rdamedia
=338  \\$avolume$2rdacarrier
=490  0\$aBiblioteca del norte
=504  \\$aIncludes bibliographical references.
=651  \0$aSalta (Argentina : Province)$xHistory$y19th century.
=700  1\$aFigueroa Solá, Eulalia.
=852  41$aBritish Library$bHMNTS$jYF.2014.a.788
=856  41$uhttp://core.cambeiro.com.ar/0-163755-1.pdf
=CAT  \\$a9518$b40$c20130524$lBLL01$h1355
=CAT  \\$a11131$b40$c20140107$lBLL01$h1224
=CAT  \\$aBATCH-UPD$b40$c20140908$lBLL01$h2017
=FIN  \\$aY$d20140107
=FMT  \\$a  BK
=LAS  \\$aBATCH-UPD$b40$c20140908$lBLL01$h2017
=SID  \\$aZ39$bOCLC

