=LDR  01376 am a22003977a 4500
=001  016417622
=003  Uk
=005  20140107143719.0
=008  111110s2011\\\\ag\a\\\\\b\\\\000\0dspa\d
=020  \\$a9789506203238
=020  \\$z9506203237
=035  \\$a(OCoLC)773259600
=040  \\$aAR-BaFGC$cN15$dUk
=042  \\$aukblderived
=043  \\$as-ag---
=050  \4$aHD1471.A72$bB84 2011
=100  1\$aGuzmán, Yuyú.
=245  13$aLa estancia colonial rioplatense :$bPago de Magdalena, Rincón de Obligado /$cYuyú Guzmán.
=260  \\$aBuenos Aires :$bClaridad,$cc2011.
=300  \\$a302 p. :$bill. ;$c22 cm.
=336  \\$atext$2rdacontent
=337  \\$aunmediated$2rdamedia
=338  \\$avolume$2rdacarrier
=500  \\$aThe second part of this book "Viejas estancias del Pago de Magdalena" was originally published in 1985.
=504  \\$aIncludes bibliographical references (p. [297]-300).
=600  30$aObligado family.
=650  \0$aHaciendas$zArgentina$zBuenos Aires (Province)$xHistory.
=852  41$aBritish Library$bHMNTS$jYF.2014.a.771
=856  41$uhttp://core.cambeiro.com.ar/0-164042-0.pdf
=CAT  \\$a9518$b40$c20130524$lBLL01$h1410
=CAT  \\$a11131$b40$c20140107$lBLL01$h1436
=CAT  \\$a11131$b40$c20140107$lBLL01$h1437
=FIN  \\$aY$d20140107
=FMT  \\$a  BK
=LAS  \\$a11131$b40$c20140107$lBLL01$h1437
=SID  \\$aZ39$bOCLC

