=LDR  01532 am a22004217a 4500
=001  016417638
=003  Uk
=005  20130925165618.0
=008  121121s2012\\\\ag\a\\\\\b\\\\000\0dspa\d
=020  \\$a9789871725168
=020  \\$a9871725167
=035  \\$a(OCoLC)832816410
=040  \\$aAR-BaFGC$cN15$dOCLCO$dUk
=042  \\$aukblderived
=043  \\$as-ag---
=050  \4$aHV6322.3.A7$bR454 2012
=245  00$aRelatos :$bpara después de la victoria : sobre obreros desaparecidos /$c[compilador] Daniel Fabián.
=260  \\$aLa Plata [Argentina] :$bDe la Campana,$cc2012.
=300  \\$a168 p. :$bill. ;$c18 x 25 cm.
=336  \\$atext$2rdacontent
=337  \\$aunmediated$2rdamedia
=338  \\$avolume$2rdacarrier
=490  1\$aCampana de palo
=504  \\$aIncludes bibliographical references.
=650  \0$aDisappeared persons$zArgentina$zEnsenada (Partido)$xHistory$y20th century.
=650  \0$aDisappeared persons' families$zArgentina$zEnsenada (Partido)
=650  \0$aWorking class$zArgentina$zEnsenada (Partido)$xHistory$y20th century.
=651  \0$aArgentina$xHistory$yDirty War, 1976-1983$vPersonal narratives.
=700  1\$aFábián, Dániel.
=830  \0$aColección Campana de palo.
=852  41$aBritish Library$bHMNTS$jLF.31.a.4307
=856  41$uhttp://core.cambeiro.com.ar/0-55734-40.pdf
=CAT  \\$a9518$b40$c20130524$lBLL01$h1427
=CAT  \\$a5512$b40$c20130925$lBLL01$h1656
=FIN  \\$aY$d20130925
=FMT  \\$a  BK
=LAS  \\$a5512$b40$c20130925$lBLL01$h1656
=SID  \\$aZ39$bOCLC

