=LDR  01276 am a2200373 a 4500
=001  016417650
=003  Uk
=005  20130829133102.0
=008  120223s2011\\\\ag\\\\\\\b\\\\000\0\spa\d
=010  \\$a  2012377086
=020  \\$a9789500519816
=035  \\$a(AR-BaFGC)0-165552/0
=040  \\$aAR-BaFGC$cAR-BaFGC$dDLC$dUk
=042  \\$aukblderived
=043  \\$as-ag---
=050  00$aF2848$b.P65 2011
=100  1\$aPoli Gonzalvo, Alejandro,$d1956-
=245  13$aLa democracia limitada :$b1916-1943 : hacia la concreción de los ideales de Mayo /$cAlejandro Poli Gonzalvo.
=260  \\$aBs. As. [i. e. Buenos Aires] :$bCorregidor,$cc2011.
=300  \\$a318 p. ;$c23 cm.
=336  \\$atext$2rdacontent
=337  \\$aunmediated$2rdamedia
=338  \\$avolume$2rdacarrier
=504  \\$aIncludes bibliographical references (p. [309]-318).
=650  \0$aDemocracy$zArgentina$xHistory$y20th century.
=651  \0$aArgentina$xPolitics and government$y1910-1943.
=852  41$aBritish Library$bHMNTS$jYF.2013.a.16566
=856  41$uhttp://core.cambeiro.com.ar/0-165552-0.pdf
=CAT  \\$a9518$b40$c20130524$lBLL01$h1436
=CAT  \\$a11002$b40$c20130829$lBLL01$h1331
=FIN  \\$aY$d20130829
=FMT  \\$a  BK
=LAS  \\$a11002$b40$c20130829$lBLL01$h1331
=SRC  \\$aBLL02

