=LDR  01598 am a2200445 a 4500
=001  016417651
=003  Uk
=005  20131107130447.0
=008  120529s2012\\\\ag\\\\\\\b\\\\000\0\spa\d
=020  \\$a9789507931260
=020  \\$a9507931260
=035  \\$a(OCoLC)805394228
=040  \\$aAR-BaFGC$cN15$dOCLCO$dCOO$dOCLCO$dUk
=042  \\$aukblderived
=043  \\$as-ag---
=050  \4$aJL2098.R48$bP69 2012
=100  1\$aPozzi, Pablo A.
=245  10$aHistorias de "perros" :$bentrevistas a militantes del PRT-ERP /$cPablo A. Pozzi.
=260  \\$a[Buenos Aires?] :$bRed Latinoamericana de Historia Oral :$bImago Mundi,$cc2012.
=300  \\$a406 pages ;$c22 cm.
=336  \\$atext$2rdacontent
=337  \\$aunmediated$2rdamedia
=338  \\$avolume$2rdacarrier
=490  1\$aColección Bitácora argentina
=504  \\$aIncludes bibliographical references.
=610  20$aPartido Revolucionario de los Trabajadores$xHistory.
=610  20$aEjército Revolucionario del Pueblo (Argentina)$xHistory.
=650  \0$aGuerrillas$zArgentina$vInterviews.
=651  \0$aArgentina$xPolitics and government$y1955-1983.
=830  \0$aColección Bitácora argentina.
=852  41$aBritish Library$bHMNTS$jYF.2013.a.22187
=856  41$uhttp://core.cambeiro.com.ar/0-91679-35.pdf
=CAT  \\$a9518$b40$c20130524$lBLL01$h1437
=CAT  \\$a5703$b40$c20131107$lBLL01$h1304
=CAT  \\$aBATCH-UPD$b40$c20160703$lBLL01$h2042
=CAT  \\$aBATCH-UPD$b40$c20171023$lBLL01$h2034
=FIN  \\$aY$d20131107
=FMT  \\$a  BK
=LAS  \\$aBATCH-UPD$b40$c20171023$lBLL01$h2034
=SID  \\$aZ39$bOCLC

