=LDR  01414 am a22003977a 4500
=001  016417653
=003  Uk
=005  20130830083317.0
=008  120717s2012\\\\ag\a\\\\\b\\\\000\0\spa\d
=020  \\$a9789500434652
=020  \\$a9500434652
=035  \\$a(OCoLC)813226936
=040  \\$aAR-BaFGC$cN15$dOCLCQ$dUk
=042  \\$aukblderived
=043  \\$as-ag---
=050  \4$aHV6295.A7$bR85 2012
=100  1\$aRuiz Moreno, Isidoro J.,$d1934-
=245  10$aCrímenes políticos :$bDorrego, Quiroga, Maza, la Mazorca, Varela, Benavídez, Virasoro, Aberastain, Urquiza /$cIsidoro J. Ruiz Moreno.
=250  \\$a1a. ed.
=260  \\$aC.A.B.A. [i.e. Ciudad Autónoma de Buenos Aires] :$bEmecé,$cc2012.
=300  \\$a397 p. :$bill. ;$c23 cm.
=336  \\$atext$2rdacontent
=337  \\$aunmediated$2rdamedia
=338  \\$avolume$2rdacarrier
=504  \\$aIncludes bibliographical references.
=650  \0$aAssassination$zArgentina$xHistory$y19th century.
=650  \0$aPolitical violence$zArgentina$xHistory$y19th century.
=651  \0$aArgentina$xPolitics and government$y19th century.
=852  41$aBritish Library$bHMNTS$jYF.2013.a.16333
=856  41$uhttp://core.cambeiro.com.ar/0-166719-0.pdf
=CAT  \\$a9518$b40$c20130524$lBLL01$h1439
=CAT  \\$a11002$b40$c20130830$lBLL01$h0833
=FIN  \\$aY$d20130830
=FMT  \\$a  BK
=LAS  \\$a11002$b40$c20130830$lBLL01$h0833
=SID  \\$aZ39$bOCLC

