=LDR  01223 am a2200385 a 4500
=001  016417662
=003  Uk
=005  20130926134648.0
=008  111116s2011\\\\ag\a\\\\\b\\\\000\0\spa\d
=010  \\$a  2011438770
=020  \\$a9789871256952
=035  \\$a(AR-BaFGC)0-164277/0
=040  \\$aAR-BaFGC$cAR-BaFGC$dDLC$dUk
=042  \\$aukblcatcopy
=050  00$aPQ7797.B635$bZ7137 2011
=100  1\$aFrega, Ana Lucía.
=245  10$aBorges y la música /$cAna Lucía Frega.
=250  \\$a1o [sic] ed.
=260  \\$aBuenos Aires :$bSB,$c2011.
=300  \\$a158 pages :$billustrations ;$c23 cm
=336  \\$atext$2rdacontent
=337  \\$aunmediated$2rdamedia
=338  \\$avolume$2rdacarrier
=504  \\$aIncludes bibliographical references (p. [151]-152).
=600  10$aBorges, Jorge Luis,$d1899-1986$xKnowledge$xMusic.
=650  \0$aMusic in literature.
=650  \0$aTango (Dance) in literature.
=852  41$aBritish Library$bHMNTS$jYF.2013.a.19347
=856  41$uhttp://core.cambeiro.com.ar/0-164277-0.pdf
=CAT  \\$a9518$b40$c20130524$lBLL01$h1449
=CAT  \\$a5703$b40$c20130926$lBLL01$h1346
=FIN  \\$aY$d20130926
=FMT  \\$a  BK
=LAS  \\$a5703$b40$c20130926$lBLL01$h1346
=SRC  \\$aBLL02

