=LDR  01338 am a22004097a 4500
=001  016417678
=003  Uk
=005  20130925140034.0
=008  120315s2011\\\\ag\\\\\\\b\\\\000\0\spa\d
=020  \\$a9789507869358
=020  \\$a9507869352
=035  \\$a(OCoLC)794494830
=040  \\$aAR-BaFGC$cN15$dPL#$dOCLCO$dI5B$dUk
=042  \\$aukblderived
=043  \\$as-ag---
=050  \4$aPQ7652$b.P35 2011
=100  1\$aPaladin, Gabriela.
=245  10$aHombres de ley, hombres sin ley :$bcruces entre derecho y literatura /$cGabriela Paladin.
=260  \\$aBuenos Aires :$bEditorial Biblos,$cc2011.
=300  \\$a372 p. ;$c20 cm.
=336  \\$atext$2rdacontent
=337  \\$aunmediated$2rdamedia
=338  \\$avolume$2rdacarrier
=490  0\$aTesis
=504  \\$aIncludes bilbiographical references (p. 363-372).
=650  \0$aArgentine literature$y19th century$xHistory and criticism.
=650  \0$aLaw in literature.
=650  \0$aJustice, Administration of, in literature.
=650  \0$aLaw and literature.
=852  41$aBritish Library$bHMNTS$jYF.2013.a.18421
=856  41$uhttp://core.cambeiro.com.ar/0-161970-4.pdf
=CAT  \\$a9518$b40$c20130524$lBLL01$h1527
=CAT  \\$a11002$b40$c20130925$lBLL01$h1400
=FIN  \\$aY$d20130925
=FMT  \\$a  BK
=LAS  \\$a11002$b40$c20130925$lBLL01$h1400
=SID  \\$aZ39$bOCLC

