=LDR  01275 am a2200385 a 4500
=001  016417683
=003  Uk
=005  20130925160039.0
=008  120703s2012\\\\ag\\\\\\\\\\\\000\1\spa\d
=020  \\$a9789871747375
=020  \\$a9871747373
=035  \\$a(OCoLC)808600602
=040  \\$aAR-BaFGC$cN15$dOCLCO$dCGU$dUk
=042  \\$aukblderived
=050  \4$aPQ7798.12.U88$bA6 2012
=100  1\$aButti, Enrique M.,$d1949-
=245  10$aSantos y desacrosantos /$cEnrique M. Butti.
=260  \\$aRosario, Provincia de Santa Fe, República Argentina :$bEditorial Fundación Ross,$cc2012.
=300  \\$a145 p. ;$c23 cm.
=336  \\$atext$2rdacontent
=337  \\$aunmediated$2rdamedia
=338  \\$avolume$2rdacarrier
=490  1\$aNarrativas contemporáneas
=505  0\$aSantos y desacrosantos -- Solfeo.
=700  12$aButti, Enrique M.,$d1949-$tSolfeo.
=740  02$aSolfeo.
=830  \0$aNarrativas contemporáneas (Rosario, Santa Fe, Argentina)
=852  41$aBritish Library$bHMNTS$jYF.2013.a.18278
=856  41$uhttp://core.cambeiro.com.ar/0-160489-4.pdf
=CAT  \\$a9518$b40$c20130524$lBLL01$h1532
=CAT  \\$a5512$b40$c20130925$lBLL01$h1600
=FIN  \\$aY$d20130925
=FMT  \\$a  BK
=LAS  \\$a5512$b40$c20130925$lBLL01$h1600
=SID  \\$aZ39$bOCLC

