=LDR  01633 am a22004457a 4500
=001  016417687
=003  Uk
=005  20130925133249.0
=008  120613s2011\\\\ag\\\\\\\b\\\\000\0\spa\d
=020  \\$a9789508452603
=020  \\$a9508452609
=035  \\$a(OCoLC)800333398
=040  \\$aAR-BaFGC$cN15$dOCLCO$dTJC$dUk
=042  \\$aukblderived
=043  \\$acl-----
=050  \4$aPQ7082.N7$bH67 2011
=100  1\$aHorne, Luz.
=245  10$aLiteraturas reales :$btransformaciones del realismo en la narrativa latinoamericana contemporánea /$cLuz Horne.
=246  30$aTransformaciones del realismo en la narrativa latinoamericana contemporánea
=250  \\$a1. ed.
=260  \\$a[Rosario, Argentina] :$bBeatriz Viterbo Editora,$c2011.
=300  \\$a208 p. ;$c20 cm.
=336  \\$atext$2rdacontent
=337  \\$aunmediated$2rdamedia
=338  \\$avolume$2rdacarrier
=490  1\$aEnsayos críticos ;$v54
=500  \\$aBased on the author's thesis (doctoral)--Yale University, 2005.
=504  \\$aIncludes bibliographical references (p. 187-206).
=650  \0$aLatin American fiction$y20th century$xHistory and criticism.
=650  \0$aLatin American fiction$y21st century$xHistory and criticism.
=650  \0$aRealism in literature.
=830  \0$aEnsayos críticos (Rosario, Argentina) ;$v54.
=852  41$aBritish Library$bHMNTS$jYF.2013.a.18414
=856  41$uhttp://core.cambeiro.com.ar/0-77522-53.pdf
=CAT  \\$a9518$b40$c20130524$lBLL01$h1539
=CAT  \\$a11002$b40$c20130925$lBLL01$h1332
=FIN  \\$aY$d20130925
=FMT  \\$a  BK
=LAS  \\$a11002$b40$c20130925$lBLL01$h1332
=SID  \\$aZ39$bOCLC

