=LDR  01894 am a2200457 i 4500
=001  016430494
=003  Uk
=005  20150708134557.0
=008  140307s2012\\\\ag\a\\\\\b\\\\000\0\spa\d
=020  \\$a9789875563827
=020  \\$a987556382X
=035  \\$a(OCoLC)883726001
=040  \\$aAR-BaFGC$beng$cN15$dNYP$dOCLCF$dUk$erda
=042  \\$aukblderived
=043  \\$alsfk---$as-ag---$ae-uk---
=050  \4$aF3031.5$b.M35 2012
=245  00$aMalvinas :$bhistorias ocultas de la guerra /$cdirector general de proyecto, Roberto Briend ; director de investigación histórica y redacción general, Luis Carranza Torres ; autores y colaboradores, Pablo Marcos Carballo [and 6 others] ; ilustraciones, José Cristóbal Portelli.
=264  \1$aCórdoba, Argentina ;$a[Ushuaia, Argentina] :$bEdiciones del Boulevard :$bFundación Malvinas Argentinas,$c2012.
=300  \\$a217 pages :$billustrations (some color) ;$c21 x 24 cm
=336  \\$atext$2rdacontent
=337  \\$aunmediated$2rdamedia
=338  \\$avolume$2rdacarrier
=504  \\$aIncludes bibliographical references.
=611  27$aFalkland Islands War (1982)$2fast$0(OCoLC)fst00920012
=648  \7$a1982$2fast
=650  \0$aFalkland Islands War, 1982.
=700  1\$aBriend, Roberto,$eeditor.
=700  1\$aCarballo, Pablo Marcos.
=700  1\$aPortelli, José Cristóbal.
=700  1\$aCarranza Torres, Luis R.,$d1971-$eeditor of compilation.
=852  41$aBritish Library$bHMNTS$jYF.2015.a.13170
=856  41$uhttp://core.cambeiro.com.ar/0-172827-0.pdf
=CAT  \\$a6503$b40$c20130612$lBLL01$h1453
=CAT  \\$aBATCH-UPD$b40$c20130612$lBLL01$h1453
=CAT  \\$a5703$b40$c20150706$lBLL01$h1311
=CAT  \\$a10804$b40$c20150708$lBLL01$h1345
=CAT  \\$aBATCH-UPD$b40$c20201119$lBLL01$h2132
=FIN  \\$aY$d20150706
=FMT  \\$a  BK
=LAS  \\$aBATCH-UPD$b40$c20201119$lBLL01$h2132
=SID  \\$aZ39$bOCLC

