=LDR  01556 am a2200421 a 4500
=001  016434213
=003  Uk
=005  20130926111553.0
=008  111230s2011\\\\ag\ab\\\\b\\\\000\0\spa\d
=020  \\$a9789871855001 (pbk.)
=020  \\$a9871855001
=035  \\$a(OCoLC)780968531
=040  \\$aAR-BaFGC$cN15$dNYP$dUk
=042  \\$aukblderived
=043  \\$as-ag---
=050  \4$aHD479.B84$bA53 2011
=100  1\$aAndreucci, Bibiana.
=245  10$aLabradores de frontera :$bla Guardia de Luján y Chivilcoy, 1780-1860 /$cBibiana Andreucci.
=260  \\$aRosario :$bProhistoria Ediciones,$c2011.
=300  \\$a240 pages :$billustrations, maps ;$c23 cm.
=336  \\$atext$2rdacontent
=337  \\$aunmediated$2rdamedia
=338  \\$avolume$2rdacarrier
=490  1\$aHistoria Argentina ;$v14
=504  \\$aIncludes bibliographical references.
=650  \0$aLand settlement$zArgentina$zBuenos Aires (Province)$xHistory.
=650  \0$aLand tenure$zArgentina$zBuenos Aires (Province)$xHistory.
=650  \0$aAgriculture$xEconomic aspects$zArgentina$zBuenos Aires (Province)$xHistory.
=650  \0$aFarmers$zArgentina$zBuenos Aires (Province)$xHistory.
=830  \0$aColección Historia Argentina (Prohistoria Ediciones) ;$v14.
=852  41$aBritish Library$bHMNTS$jYF.2013.a.18349
=856  41$uhttp://core.cambeiro.com.ar/0-154500-15.pdf
=CAT  \\$a9518$b40$c20130619$lBLL01$h1127
=CAT  \\$a5703$b40$c20130926$lBLL01$h1115
=FIN  \\$aY$d20130926
=FMT  \\$a  BK
=LAS  \\$a5703$b40$c20130926$lBLL01$h1115
=SID  \\$aZ39$bOCLC

