=LDR  01558 am a2200421 a 4500
=001  016434216
=003  Uk
=005  20140116090110.0
=008  111114s2011\\\\ag\ab\\\\b\\\f000\0\spa\d
=010  \\$a  2011438824
=020  \\$a9789876575614
=035  \\$a(AR-BaFGC)0-156578/6
=040  \\$aAR-BaFGC$cAR-BaFGC$dDLC$dUk
=042  \\$aukblderived
=043  \\$as-ag---
=050  00$aNA7294.S26$bC35 2011
=100  1\$aCalvo, Luis María.
=245  10$aVivienda y ciudad colonial :$bel caso de Santa Fe /$cLuis María Calvo.
=260  \\$aSanta Fe, Argentina :$bEdiciones UNL, Secretaría de Extensión, Universidad Nacional del Litoral,$c2011.
=300  \\$a519 p. :$bill., maps ;$c25 cm.
=336  \\$atext$2rdacontent
=337  \\$aunmediated$2rdamedia
=338  \\$avolume$2rdacarrier
=490  0\$aColección Ciencia y tecnología
=504  \\$aIncludes bibliographical references (p. 463-504).
=650  \0$aDwellings$zArgentina$zSanta Fe$xHistory$y17th Century.
=650  \0$aDwellings$zArgentina$zSanta Fe$xHistory$y18th century.
=650  \0$aArchitecture, Colonial$zArgentina$zSanta Fe$xHistory.
=650  \0$aArchitecture, Domestic$zArgentina$zSanta Fe$xHistory.
=852  41$aBritish Library$bHMNTS$jYF.2014.a.1556
=856  41$uhttp://core.cambeiro.com.ar/0-156578-6.pdf
=CAT  \\$a9518$b40$c20130619$lBLL01$h1129
=CAT  \\$a10904$b40$c20140116$lBLL01$h0900
=CAT  \\$a10904$b40$c20140116$lBLL01$h0901
=FIN  \\$aY$d20140116
=FMT  \\$a  BK
=LAS  \\$a10904$b40$c20140116$lBLL01$h0901
=SID  \\$aZ39$bLOC

