=LDR  01423 am a22004097a 4500
=001  016434224
=003  Uk
=005  20150714101509.0
=008  120420s2011\\\\ag\\\\\\\b\\\\000\0dspa\d
=020  \\$a9789508086396
=020  \\$a9508086394
=035  \\$a(OCoLC)800333337
=040  \\$aAR-BaFGC$cN15$dOCLCO$dCOO$dOCLCO$dUk
=042  \\$aukblderived
=043  \\$as-ag---
=050  \4$aHD8266$b.G66 2011
=100  1\$aGonzález, Horacio,$d1944-2021.
=245  10$aGenealogías :$btrabajo y violencia en la historia argentina /$cHoracio González.
=260  \\$aRosario, Santa Fe, Argentina :$bFacultad Libre Rosario :$bHomo Sapiens Ediciones,$cc2011.
=300  \\$a93 p. ;$c22 cm.
=336  \\$atext$2rdacontent
=337  \\$aunmediated$2rdamedia
=338  \\$avolume$2rdacarrier
=490  1\$aColección Facultad libre
=504  \\$aIncludes bibliographical references.
=650  \0$aLabor$zArgentina$xPhilosophy$xHistory.
=650  \0$aPolitical violence$zArgentina$xPhilosophy$xHistory.
=830  \0$aColección Facultad Libre.
=852  41$aBritish Library$bHMNTS$jYF.2015.a.13816
=856  41$uhttp://core.cambeiro.com.ar/0-165787-1.pdf
=CAT  \\$a9518$b40$c20130619$lBLL01$h1133
=CAT  \\$a11002$b40$c20150714$lBLL01$h1015
=CAT  \\$aBATCH-UPD$b40$c20210625$lBLL01$h2050
=FIN  \\$aY$d20150714
=FMT  \\$a  BK
=LAS  \\$aBATCH-UPD$b40$c20210625$lBLL01$h2050
=SID  \\$aZ39$bOCLC

