=LDR  01466cam a22004337a 4500
=001  016434233
=003  Uk
=005  20130925162240.0
=008  120531s2012\\\\ag\\\\\\\b\\\\001\0\spa\d
=020  \\$a9789507869389
=020  \\$a9507869387
=035  \\$a(OCoLC)805394222
=040  \\$aAR-BaFGC$cN15$dOCLCO$dCOO$dOCLCO$dUk
=042  \\$aukblderived
=043  \\$as-ag---$ae-fr---
=050  \4$aF3021.F8$bO84 2012
=100  10$aOtero, Hernán.
=245  10$aHistoria de los franceses en la Argentina /$cHernán Otero.
=260  \\$aBuenos Aires :$bEditorial Biblos,$cc2012.
=300  \\$a387 p. ;$c23 cm.
=336  \\$atext$2rdacontent
=337  \\$aunmediated$2rdamedia
=338  \\$avolume$2rdacarrier
=490  1\$aColección La Argentina plural
=504  \\$aIncludes bibliographical references (p. 355-380) and index.
=650  \0$aFrench$zArgentina$xHistory.
=650  \0$aImmigrants$zArgentina$xHistory.
=651  \0$aArgentina$xEmigration and immigration.
=651  \0$aFrance$xEmigration and immigration.
=830  \0$aColección La Argentina plural (Unnumbered)
=852  41$aBritish Library$bHMNTS$jYF.2013.a.18351
=856  41$uhttp://core.cambeiro.com.ar/0-84625-17.pdf
=CAT  \\$a9518$b40$c20130619$lBLL01$h1137
=CAT  \\$a5512$b40$c20130925$lBLL01$h1622
=CAT  \\$aBATCH-UPD$b40$c20211201$lBLL01$h2119
=FIN  \\$aY$d20130925
=FMT  \\$a  BK
=LAS  \\$aBATCH-UPD$b40$c20211201$lBLL01$h2119
=SID  \\$aZ39$bOCLC

