=LDR  01030 am a2200349 a 4500
=001  016434278
=003  Uk
=005  20131127102122.0
=008  120925s2011\\\\ag\\\\\\\\\\\\000\p\spa\d
=020  \\$a9789872420673
=020  \\$a987242067X
=035  \\$a(OCoLC)832818527
=040  \\$aAR-BaFGC$cN15$dNYP$dUk
=042  \\$aukblderived
=050  \4$aPQ7798.13.A746$bC65 2011
=100  1\$aCastilla, Leopoldo.
=245  10$aCoirón /$cLeopoldo Castilla.
=260  \\$aBuenos Aires, Argentina :$bEdiciones del Zorrito,$c[2011]
=300  \\$a60 pages ;$c21 cm
=336  \\$atext$2rdacontent
=337  \\$aunmediated$2rdamedia
=338  \\$avolume$2rdacarrier
=500  \\$aPoems.
=650  \0$aArgentine poetry.
=852  41$aBritish Library$bHMNTS$jYF.2013.a.24421
=856  41$uhttp://core.cambeiro.com.ar/0-167614-0.pdf
=CAT  \\$a9518$b40$c20130619$lBLL01$h1154
=CAT  \\$a5703$b40$c20131127$lBLL01$h1021
=FIN  \\$aY$d20131127
=FMT  \\$a  BK
=LAS  \\$a5703$b40$c20131127$lBLL01$h1021
=SID  \\$aZ39$bOCLC

