=LDR  01423 am a2200409 a 4500
=001  016434337
=003  Uk
=005  20131127132358.0
=008  120326s2011\\\\ag\a\\\\\b\\\\000\0\spa\d
=010  \\$a  2012377169
=020  \\$a9789872579937
=035  \\$a(AR-BaFGC)0-162957/0
=040  \\$aAR-BaFGC$cAR-BaFGC$dDLC$dUk
=042  \\$aukblcatcopy
=043  \\$as-ag---
=050  00$aHQ1532$b.F52 2011
=100  1\$aFigari, María Rosa.
=245  10$aVoces y miradas femeninas :$bcultura, arte y género /$cMaría Rosa Figari, María Marta Hovhannessian, Laura Sacchetti.
=260  \\$a[Buenos Aires] :$bEdiciones Borromeo,$cc2011.
=300  \\$a191 pages :$billustrations ;$c20 cm
=336  \\$atext$2rdacontent
=337  \\$aunmediated$2rdamedia
=338  \\$avolume$2rdacarrier
=504  \\$aIncludes bibliographical references.
=650  \0$aWomen$zArgentina$xSocial conditions$y19th century.
=650  \0$aWomen$zArgentina$xSocial conditions$y20th century.
=650  \0$aSex role$zArgentina$xHistory.
=700  1\$aHovhannessian, María Marta.
=700  1\$aSacchetti, Laura$c(Historian)
=852  41$aBritish Library$bHMNTS$jYF.2013.a.24485
=856  41$uhttp://core.cambeiro.com.ar/0-162957-0.pdf
=CAT  \\$a9518$b40$c20130619$lBLL01$h1306
=CAT  \\$a5703$b40$c20131127$lBLL01$h1323
=FIN  \\$aY$d20131127
=FMT  \\$a  BK
=LAS  \\$a5703$b40$c20131127$lBLL01$h1323
=SRC  \\$aBLL02

