=LDR  01398 am a2200409 a 4500
=001  016434338
=003  Uk
=005  20140203091827.0
=008  120503s2011\\\\ag\a\\\\\\\\\\000\0\spa\d
=010  \\$a  2012377428
=020  \\$a9789872657741
=035  \\$a(AR-BaFGC)0-166015/0
=040  \\$aAR-BaFGC$cAR-BaFGC$dDLC$dUk
=042  \\$aukblderived
=043  \\$as-ag---
=050  00$aHC180.P6$bF744 2011
=100  10$aFrade, Carlos del.
=245  10$aCrónicas del Frenapo :$bel sueño colectivo inconcluso : la lucha por la igualdad y la riqueza /$cCarlos del Frade.
=260  \\$aCiudad Autónoma de Buenos Aires :$bCTA Ediciones,$cc2011.
=300  \\$a238 p. :$bill. ;$c24 cm.
=336  \\$atext$2rdacontent
=337  \\$aunmediated$2rdamedia
=338  \\$avolume$2rdacarrier
=610  20$aFrenapo.
=610  20$aCentral de Trabajadores Argentinos.
=650  \0$aPoverty$zArgentina$xPrevention.
=650  \0$aSocial movements$zArgentina$xHistory$y21st century.
=651  \0$aArgentina$xSocial conditions$y1983-
=852  41$aBritish Library$bHMNTS$jYF.2014.a.3040
=856  41$uhttp://core.cambeiro.com.ar/0-166015-0.pdf
=CAT  \\$a9518$b40$c20130619$lBLL01$h1307
=CAT  \\$a11131$b40$c20140203$lBLL01$h0918
=CAT  \\$aBATCH-UPD$b40$c20160706$lBLL01$h1634
=FIN  \\$aY$d20140203
=FMT  \\$a  BK
=LAS  \\$aBATCH-UPD$b40$c20160706$lBLL01$h1634
=SRC  \\$aBLL02

