=LDR  01522 am a22004217a 4500
=001  016434341
=003  Uk
=005  20150707092359.0
=008  120619s2011\\\\ag\a\\\\\b\\\f000\0\spa\d
=020  \\$a9789875745407
=020  \\$a9875745405
=035  \\$a(OCoLC)811124265
=040  \\$aAR-BaFGC$cN15$dUk
=042  \\$aukblderived
=043  \\$as-ag---
=050  \4$aJL2029.P64$bM67 2011
=245  00$aSaber lo que se hace :$bexpertos y política en la Argentina contemporánea /$cSergio Morresi, Gabriel Vommaro, compiladores.
=260  \\$aBuenos Aires :$bPrometeo Libros ;$aLos Polvorines, Prov. de Buenos Aires, Argentina :$bUniversidad Nacional de General Sarmiento,$cc2011.
=300  \\$a419 p. :$billustrations ;$c22 cm.
=336  \\$atext$2rdacontent
=337  \\$aunmediated$2rdamedia
=338  \\$avolume$2rdacarrier
=490  0\$aColección Política, políticas y sociedad
=504  \\$aIncludes bibliographical references.
=650  \0$aPolitical planning$zArgentina.
=650  \0$aExpertise$xPolitical aspects$zArgentina.
=650  \0$aSpecialists$zArgentina.
=650  \0$aConsultants$zArgentina.
=700  1\$aMorresi, Sergio.
=700  1\$aVommaro, Gabriel,$d1976-
=852  41$aBritish Library$bHMNTS$jYF.2015.a.13009
=856  41$uhttp://core.cambeiro.com.ar/0-159205-10.pdf
=CAT  \\$a9518$b40$c20130619$lBLL01$h1310
=CAT  \\$a10904$b40$c20150707$lBLL01$h0923
=FIN  \\$aY$d20150707
=FMT  \\$a  BK
=LAS  \\$a10904$b40$c20150707$lBLL01$h0923
=SID  \\$aZ39$bOCLC

