=LDR  01166 am a2200373 a 4500
=001  016434351
=003  Uk
=005  20130925141602.0
=008  120416s2012\\\\ag\\\\\\\b\\\\000\0\spa\d
=020  \\$a9789500206662
=020  \\$a9500206668
=035  \\$a(OCoLC)794494865$z(OCoLC)785066992
=040  \\$aAR-BaFGC$cN15$dBTCTA$dYDXCP$dI5B$dUk
=042  \\$aukblderived
=043  \\$as-ag---
=050  \4$aF2843$b.L36 2012
=100  1\$aLanús, Juan Archibaldo.
=245  13$aLa Argentina inconclusa /$cJuan Archibaldo Lanús.
=250  \\$a1a ed.
=260  \\$aBuenos Aires :$bEditorial El Ateneo,$c2012.
=300  \\$a719 pages ;$c23 cm
=336  \\$atext$2rdacontent
=337  \\$aunmediated$2rdamedia
=338  \\$avolume$2rdacarrier
=504  \\$aIncludes bibliographical references (p. 695-719).
=651  \0$aArgentina$xHistory$y1810-
=852  41$aBritish Library$bHMNTS$jYF.2013.a.18277
=856  41$uhttp://core.cambeiro.com.ar/0-165768-0.pdf
=CAT  \\$a9518$b40$c20130619$lBLL01$h1322
=CAT  \\$a5703$b40$c20130925$lBLL01$h1416
=FIN  \\$aY$d20130925
=FMT  \\$a  BK
=LAS  \\$a5703$b40$c20130925$lBLL01$h1416
=SID  \\$aZ39$bOCLC

