=LDR  01200 am a2200361 a 4500
=001  016434360
=003  Uk
=005  20131107111933.0
=008  120716s2012\\\\ag\abf\\\b\\\\000\0\spa\d
=020  \\$a9789871599912
=020  \\$a9871599919
=035  \\$a(OCoLC)812455012
=040  \\$aAR-BaFGC$cN15$dOCLCO$dI5B$dNYP$dUk
=042  \\$aukblderived
=043  \\$as-ag---
=050  \4$aHE2907$b.F86 2012
=100  1\$aFunes, Olga Teresa,$d1942-
=245  10$aCaminos de hierro :$bpolíticas de estado y soberanía /$cOlga Teresa Funes.
=260  \\$a[Buenos Aires?] :$bEdiciones CICCUS,$cc2012.
=300  \\$a221 pages, [14] pages of plates :$billustrations, maps ;$c23 cm
=336  \\$atext$2rdacontent
=337  \\$aunmediated$2rdamedia
=338  \\$avolume$2rdacarrier
=504  \\$aIncludes bibliographical references.
=650  \0$aRailroads and state$zArgentina$xHistory.
=852  41$aBritish Library$bHMNTS$jYF.2013.a.22521
=856  41$uhttp://core.cambeiro.com.ar/0-166714-0.pdf
=CAT  \\$a9518$b40$c20130619$lBLL01$h1328
=CAT  \\$a5703$b40$c20131107$lBLL01$h1119
=FIN  \\$aY$d20131107
=FMT  \\$a  BK
=LAS  \\$a5703$b40$c20131107$lBLL01$h1119
=SID  \\$aZ39$bOCLC

