=LDR  01406 am a2200409 a 4500
=001  016434362
=003  Uk
=005  20130925143552.0
=008  120507s2012\\\\ag\\\\\\\\\\\\000\0aspa\d
=010  \\$a  2012377429
=020  \\$a9789504928607
=035  \\$a(AR-BaFGC)0-165840/0
=040  \\$aAR-BaFGC$cAR-BaFGC$dDLC$dUk
=042  \\$aukblcatcopy
=043  \\$as-ag---
=050  00$aP92.5.G37$bA3 2012
=100  10$aGarcía, Héctor Ricardo.
=245  13$aLa culpa la tuve yo :$bmilitares, ERP, López Rega y AFIP /$cHéctor Ricardo García.
=260  \\$aC.A.B.A. [i.e. Ciudad Autónoma de Buenos Aires] :$bPlaneta,$cc2012.
=300  \\$a360 pages ;$c23 cm
=336  \\$atext$2rdacontent
=337  \\$aunmediated$2rdamedia
=338  \\$avolume$2rdacarrier
=600  10$aGarcía, Héctor Ricardo.
=650  \0$aMass media$zArgentina$vBiography.
=650  \0$aBusinessmen$zArgentina$vBiography.
=651  \0$aArgentina$xPolitics and government$y1955-1983.
=651  \0$aArgentina$xPolitics and government$y1983-2002.
=852  41$aBritish Library$bHMNTS$jYF.2013.a.18302
=856  41$uhttp://core.cambeiro.com.ar/0-165840-0.pdf
=CAT  \\$a9518$b40$c20130619$lBLL01$h1331
=CAT  \\$a5703$b40$c20130925$lBLL01$h1435
=CAT  \\$aBATCH-UPD$b40$c20180606$lBLL01$h2206
=FIN  \\$aY$d20130925
=FMT  \\$a  BK
=LAS  \\$aBATCH-UPD$b40$c20180606$lBLL01$h2206
=SRC  \\$aBLL02

