=LDR  01529 am a22004337a 4500
=001  016434364
=003  Uk
=005  20150707103022.0
=008  120507s2012\\\\ag\a\\\\\b\\\\000\0bspa\d
=020  \\$a9789504928577
=020  \\$a9504928579
=035  \\$a(OCoLC)798213318
=040  \\$aAR-BaFGC$cN15$dOCLCO$dPL#$dI5B$dOCLCA$dUk
=042  \\$aukblderived
=043  \\$as-ag---
=050  \4$aHD5749$b.H46 2012
=100  1\$aHendler, Ariel,$d1963-
=245  10$aDarío Santillán :$bel militante que puso el cuerpo /$cAriel Hendler, Mariano Pacheco, Juan Rey.
=260  \\$aC.A.B.A. [i. e. Ciudad Autónoma de Buenos Aires] :$bPlaneta,$cc2012.
=300  \\$a369 p. :$bill. ;$c23 cm.
=336  \\$atext$2rdacontent
=337  \\$aunmediated$2rdamedia
=338  \\$avolume$2rdacarrier
=490  0\$aEspejo de la Argentina
=504  \\$aIncludes bibliographical references (p. 363-368).
=600  10$aSantillán, Darío,$d-2002.
=650  \0$aUnemployed$xPolitical activity$zArgentina$xHistory$y21st century.
=650  \0$aSocial movements$zArgentina$xHistory$y21st century.
=651  \0$aArgentina$xPolitics and government$y2002-
=700  1\$aPacheco, Mariano.
=700  1\$aRey, Juan,$d1983-
=852  41$aBritish Library$bHMNTS$jYF.2015.a.13021
=856  41$uhttp://core.cambeiro.com.ar/0-646-139.pdf
=CAT  \\$a9518$b40$c20130619$lBLL01$h1333
=CAT  \\$a10904$b40$c20150707$lBLL01$h1030
=FIN  \\$aY$d20150707
=FMT  \\$a  BK
=LAS  \\$a10904$b40$c20150707$lBLL01$h1030
=SID  \\$aZ39$bOCLC

