=LDR  01533 am a22004097a 4500
=001  016434367
=003  Uk
=005  20150522110007.0
=008  121012s2012\\\\ag\ab\\\\b\\\\000\0\spa\d
=020  \\$a9871497520
=020  \\$a9789871497522
=035  \\$a(OCoLC)832815680
=040  \\$aAR-BaFGC$beng$cN15$dOCLCO$dIXA$dUk
=042  \\$aukblderived
=043  \\$as-ag---
=050  \4$aHT129.A7$bL67 2012
=100  1\$aNúñez, Ana.
=245  10$aLo que el agua (no) se llevó :$bpolítica urbana : poder, violencia e identidades sociales /$cAna Núñez ; [prólogo de Jorge Roze].
=260  \\$aBuenos Aires :$bEditorial El Colectivo,$c2012.
=300  \\$a308 p. :$bill., maps ;$c22 cm.
=336  \\$atext$2rdacontent
=337  \\$aunmediated$2rdamedia
=338  \\$avolume$2rdacarrier
=490  0\$aColección Orlando Fals Borda
=500  \\$aBased on the author's thesis (doctoral)--FLACSO.
=504  \\$aIncludes bibliographical references (p. 291-308).
=650  \0$aUrban policy$zArgentina$zMar del Plata$xHistory$y20th century.
=650  \0$aWater utilities$zArgentina$zMar del Plata$xHistory$y20th century.
=651  \0$aMar del Plata (Argentina)$xPolitics and government$y20th century.
=852  41$aBritish Library$bHMNTS$jYF.2015.a.10492
=856  41$uhttp://core.cambeiro.com.ar/0-161083-4.pdf
=CAT  \\$a9518$b40$c20130619$lBLL01$h1335
=CAT  \\$a11002$b40$c20150522$lBLL01$h1100
=FIN  \\$aY$d20150522
=FMT  \\$a  BK
=LAS  \\$a11002$b40$c20150522$lBLL01$h1100
=SID  \\$aZ39$bOCLC

