=LDR  02799 am a22003977a 4500
=001  016434418
=003  Uk
=005  20130926095654.0
=008  130104s2012\\\\ag\a\\\\\\\\\\000\0\spa\d
=020  \\$a9789505159680
=020  \\$a9505159684
=035  \\$a(OCoLC)832819482
=040  \\$aAR-BaFGC$cN15$dOCLCO$dH7K$dNYP$dUk
=042  \\$aukblderived
=043  \\$as-ag---
=050  \4$aPN6790.A72$bH57 2012
=245  03$aLa historieta salvaje :$bprimeras series argentinas : 1907-1929 /$cJudith Gociol, José María Gutiérrez [compiladores].
=250  \\$a1. ed.
=260  \\$aBuenos Aires :$bEdiciones de la Flor,$cc2012.
=300  \\$a205 p. :$bill. (some col.) ;$c29 cm.
=336  \\$atext$2rdacontent
=337  \\$aunmediated$2rdamedia
=338  \\$avolume$2rdacarrier
=505  0\$aA modo de introducción. La historieta en estado salvaje -- Un inicio. Las prehistorietas argentinas -- Las series presentadas -- Pues Señor / Pedro Rojas -- Sarrasqueta / Juan Carlos Alonso, Manuel Redondo -- Aniceto Cascarrabias / Pedro Rojas -- Don Salamito y Dona Gaviota / Pedro Rojas -- Aventuras de um matrimonio sin bautizar / R. Tomey, Oscar Soldati -- Aventuras de Don Tallarin y doña Tortuga / Oscar Soldoti -- Las aventuras del negro Raúl / Arturo Lanteri -- Aventuras policiales de Máscara-Dura / Oscar Soldoti -- Las diabluras de Tijereta / Arturo Lanteri -- Juancito el Conquistador / Oscar Solati -- El L.C. Timoteo y el pesquisa Doroteo / Luis Macayo -- Las aventuras de don Pancho Talero / Arturo Lanteri -- Página del Dólar / Arístides Rechain -- Jimmy y su pupilo / Néstor René González Fossat -- Moíses Papamovski / Arturo lanteri -- Las "conquistas" de Don Aniceto / Néstor René González Fossat -- Aniceto Bataraz / Arturo Lanteri -- La famlia de Don Sofanor / Arístides Rechain -- Firuletey retacn / Néstor René González Fossat -- Panitruco / Carlos Leroy, Dante Quintero -- El Mirón / Raúl Roux -- Coquita la Bataclana / Quirino Cristiani -- Don Fermín / Dante Quintero -- Aventuras de Nenucho / Néstor René González Fossat -- Las hijas de Pastasciuta / Oscar Soldati -- Aventuras de Tarantelli y Peteneras / Luis Bello -- Rulito, el gato atorrante / Raúl Roux -- Aventuras de Don Gil / Dante Quintero -- Una continuación. La percepcin de un nuevo medio.
=546  \\$aIn Spanish.
=650  \0$aComic books, strips, etc.$zArgentina.
=700  1\$aGociol, Judith.
=700  1\$aGutíerrez, José María.
=852  41$aBritish Library$bHMNTS$jYF.2013.b.1303
=856  41$uhttp://core.cambeiro.com.ar/0-168606-0.pdf
=CAT  \\$a9518$b40$c20130619$lBLL01$h1400
=CAT  \\$a5512$b40$c20130926$lBLL01$h0956
=FIN  \\$aY$d20130926
=FMT  \\$a  BK
=LAS  \\$a5512$b40$c20130926$lBLL01$h0956
=SID  \\$aZ39$bOCLC

