=LDR  01436 am a22004097i 4500
=001  016434425
=003  Uk
=005  20150703112641.0
=008  140612s2011\\\\ag\a\\\\\b\\\f000\0dspa\d
=010  \\$a  2012516591
=020  \\$a9789506738785
=035  \\$a(AR-BaFGC)0-163043/0
=040  \\$aAR-BaFGC$cAR-BaFGC$dDLC$dUk$erda
=042  \\$aukblderived
=043  \\$as-ag---
=050  00$aF3021.A59$bA38 2011
=100  1\$aAkmir, Abdeluahed,$eauthor.
=245  14$aLos árabes en Argentina /$cAbdeluahed Akmir ; prólogo: Silvia Montenegro.
=264  \1$aRosario? [Santa Fe, Argentina] :$bUNR Editora,$c[2011]
=300  \\$a273 pages :$billustrations ;$c23 cm
=336  \\$atext$2rdacontent
=337  \\$aunmediated$2rdamedia
=338  \\$avolume$2rdacarrier
=504  \\$aIncludes bibliographical references (pages 217-220).
=650  \0$aArabs$zArgentina$xHistory.
=651  \0$aArgentina$xEmigration and immigration$y19th century.
=651  \0$aArgentina$xEmigration and immigration$y20th century.
=852  41$aBritish Library$bHMNTS$jYF.2015.a.12786
=856  41$uhttp://core.cambeiro.com.ar/0-163043-0.pdf
=CAT  \\$a9518$b40$c20130619$lBLL01$h1405
=CAT  \\$aBATCH-UPD$b40$c20130619$lBLL01$h1405
=CAT  \\$a10904$b40$c20150703$lBLL01$h1126
=CAT  \\$aBATCH-UPD$b40$c20190807$lBLL01$h1832
=FIN  \\$aY$d20150703
=FMT  \\$a  BK
=LAS  \\$aBATCH-UPD$b40$c20190807$lBLL01$h1832
=SRC  \\$aBLL02

