=LDR  01543 am a2200409 a 4500
=001  016434460
=003  Uk
=005  20140506143540.0
=008  120224s2011\\\\ag\a\\\\\b\\\\000\0\spa\d
=010  \\$a  2012377047
=020  \\$a9789872762704
=035  \\$a(AR-BaFGC)0-157739/7
=040  \\$aAR-BaFGC$cAR-BaFGC$dDLC$dUk
=042  \\$aukblcatcopy
=043  \\$ad------
=050  00$aHF1359$b.A773 2011
=100  1\$aArceo, Enrique O.
=245  13$aEl largo camino a la crisis :$bcentro, periferia y transformaciones de la economía mundial /$cEnrique Arceo.
=260  \\$a[Buenos Aires, Argentina?] :$bCentro Cultural de la Cooperación Floreal Gorini :$bCara o Ceca :$b[Distribuye Editorial Atuel,$cc2011]
=300  \\$a389 p. :$bill. ;$c23 cm.
=336  \\$atext$2rdacontent
=337  \\$aunmediated$2rdamedia
=338  \\$avolume$2rdacarrier
=490  0\$aColección Economía política
=504  \\$aIncludes bibliographical references (p. 361-377).
=650  \0$aInternational economic relations$xHistory$y20th century.
=650  \0$aInternational economic relations$xHistory$y21st century.
=650  \0$aGlobal Financial Crisis, 2008-2009.
=651  \0$aDeveloping countries$xForeign economic relations.
=852  41$aBritish Library$bHMNTS$jYF.2014.a.10904
=856  41$uhttp://core.cambeiro.com.ar/0-157739-7.pdf
=CAT  \\$a9518$b40$c20130619$lBLL01$h1426
=CAT  \\$a11002$b40$c20140506$lBLL01$h1435
=FIN  \\$aY$d20140506
=FMT  \\$a  BK
=LAS  \\$a11002$b40$c20140506$lBLL01$h1435
=SRC  \\$aBLL02

