=LDR  01526 am a22004094a 4500
=001  016434468
=003  Uk
=005  20130925163801.0
=008  100622s2010\\\\ag\\\\\\\b\\\\000\0\spa\d
=010  \\$a  2010423463
=020  \\$a9789871520404
=035  \\$a(AR-BaFGC)0-157987/0
=040  \\$aAR-BaFGC$cAR-BaFGC$dDLC$dUk
=042  \\$aukblderived
=043  \\$as-ag---
=050  00$aF2849.2$b.P64 2010
=100  1\$aPonza, Pablo.
=245  10$aIntelectuales y violencia política, 1955-1973 :$bhistoria intelectual, discursos políticos y concepciones de lucha armada en la Argentina de los sesenta-setenta /$cPablo Ponza.
=260  \\$aCordoba, Arg. :$bBabel Editorial,$c[2010?]
=300  \\$a259 p. ;$c22 cm.
=336  \\$atext$2rdacontent
=337  \\$aunmediated$2rdamedia
=338  \\$avolume$2rdacarrier
=504  \\$aIncludes bibliographical references (p. 245-258).
=650  \0$aIntellectuals$xPolitical activity$zArgentina$xHistory$y20th century.
=650  \0$aPeronism$xHistory$y20th century.
=650  \0$aNew left$zArgentina$xHistory$y20th century.
=650  \0$aGovernment, Resistance to$zArgentina$xHistory$y20th century.
=651  \0$aArgentina$xPolitics and government$y1955-1983.
=852  41$aBritish Library$bHMNTS$jYF.2013.a.18585
=856  41$uhttp://core.cambeiro.com.ar/0-157987-0.pdf
=CAT  \\$a9518$b40$c20130619$lBLL01$h1428
=CAT  \\$a5512$b40$c20130925$lBLL01$h1638
=FIN  \\$aY$d20130925
=FMT  \\$a  BK
=LAS  \\$a5512$b40$c20130925$lBLL01$h1638
=SRC  \\$aBLL02

