=LDR  01294 am a2200385 a 4500
=001  016434474
=003  Uk
=005  20140321090705.0
=008  121226s2012\\\\ag\ab\\\\b\\\\000\0bspa\d
=020  \\$a9789876191517
=020  \\$a9876191519
=035  \\$a(OCoLC)832819996
=040  \\$aAR-BaFGC$cN15$dUk
=042  \\$aukblderived
=043  \\$as-ag---
=050  \4$aPQ7797.E93$bZ743 2012
=100  1\$aLópez Bréard, Miguel Raúl.
=245  10$aErnesto E. Ezquer Zelaya :$bGato Moro : el señor de Santa Tecla /$cMiguel Raúl López Bréard.
=246  1\$aGato Moro
=260  \\$a[Corrientes, Argentina?] :$bMoglia Ediciones,$c[2012]
=300  \\$a78 pages :$billustrations, maps ;$c21 cm
=336  \\$atext$2rdacontent
=337  \\$aunmediated$2rdamedia
=338  \\$avolume$2rdacarrier
=504  \\$aIncludes bibliographical references.
=600  10$aEzquer Zelaya, Ernesto E.,$d1904-1951.
=650  \0$aAuthors, Argentine$zCorrientes (Province)$vBiography.
=852  41$aBritish Library$bHMNTS$jYF.2014.a.7132
=856  41$uhttp://core.cambeiro.com.ar/0-168369-0.pdf
=CAT  \\$a9518$b40$c20130619$lBLL01$h1430
=CAT  \\$a5703$b40$c20140321$lBLL01$h0907
=FIN  \\$aY$d20140321
=FMT  \\$a  BK
=LAS  \\$a5703$b40$c20140321$lBLL01$h0907
=SID  \\$aZ39$bOCLC

