=LDR  01402 am a22004097a 4500
=001  016456564
=003  Uk
=005  20140107103516.0
=008  121017s2012\\\\ag\\\\\\\b\\\f000\0\spa\d
=020  \\$a9789503408582
=020  \\$a950340858X
=035  \\$a(OCoLC)829062257
=040  \\$aAR-BaFGC$cN15$dOCLCO$dUk
=042  \\$aukblderived
=043  \\$alsfk---$as-ag---
=050  \4$aF3031.5$b.N37 2012
=245  00$aNarrar y escuchar Malvinas :$b30 años de posguerra /$cCarlos Giordano ... [et al.] ; colaboradores, Juan Manuel Montoya ... [et al.].
=250  \\$a1. ed.
=260  \\$aLa Plata, Buenos Aires, Argentina :$bEditorial de la Universidad de La Plata,$cc2012.
=300  \\$a283 p. ;$c21 cm.
=336  \\$atext$2rdacontent
=337  \\$aunmediated$2rdamedia
=338  \\$avolume$2rdacarrier
=504  \\$aIncludes bibliographical references (p. 274-283).
=650  \0$aFalkland Islands War, 1982.
=650  \0$aOral history$zArgentina.
=650  \0$aWar and society$zArgentina.
=650  \0$aOral communication$xSocial aspects.
=700  1\$aGiordano, Carlos.
=852  41$aBritish Library$bHMNTS$jYF.2014.a.552
=856  41$uhttp://core.cambeiro.com.ar/0-167544-0.pdf
=CAT  \\$a6503$b40$c20130723$lBLL01$h1048
=CAT  \\$a11131$b40$c20140107$lBLL01$h1035
=FIN  \\$aY$d20140107
=FMT  \\$a  BK
=LAS  \\$a11131$b40$c20140107$lBLL01$h1035
=SID  \\$aZ39$bOCLC

