=LDR  01609 am a2200433 a 4500
=001  016474732
=003  Uk
=005  20131127134057.0
=008  121205s2012\\\\ag\ab\\\\b\\\\000\0aspa\d
=020  \\$a9871467427
=020  \\$a9789871467426
=035  \\$a(OCoLC)832816546
=040  \\$aAR-BaFGC$beng$cN15$dOCLCO$dPIT$dIXA$dOCLCA$dUk
=042  \\$aukblderived
=043  \\$as-ag---
=050  \4$aF2981.P35$bA3 2012
=100  1\$aPalacio de Libarona, Agustina,$d1822-
=245  10$aMemorias de Agustina Palacio :$b"la heroína del Bracho" /$cAgustina Palacio ; [prólogo de Marta Palacio].
=260  \\$aCórdoba, Argentina :$bEditorial Buena Vista,$cc2012.
=300  \\$a115 pages :$billustrations, map ;$c21 cm.
=336  \\$atext$2rdacontent
=337  \\$aunmediated$2rdamedia
=338  \\$avolume$2rdacarrier
=490  1\$aColección Las antiguas : primeras escritoras argentinas ;$v10
=504  \\$aIncludes bibliographical references.
=600  10$aPalacio de Libarona, Agustina,$d1822-
=650  \0$aWomen$zArgentina$zSantiago del Estero (Province)$vBiography.
=651  \0$aSantiago del Estero (Argentina : Province)$xHistory$y19th century.
=700  1\$aPalacio, Marta.
=830  \0$aColección Las antiguas ;$v10.
=852  41$aBritish Library$bHMNTS$jYF.2013.a.24423
=856  41$uhttp://core.cambeiro.com.ar/0-167266-10.pdf
=CAT  \\$a6503$b40$c20130815$lBLL01$h1220
=CAT  \\$a5703$b40$c20131127$lBLL01$h1335
=CAT  \\$a5703$b40$c20131127$lBLL01$h1340
=FIN  \\$aY$d20131127
=FMT  \\$a  BK
=LAS  \\$a5703$b40$c20131127$lBLL01$h1340
=SID  \\$aZ39$bOCLC

