=LDR  01373 am a22003857a 4500
=001  016474735
=003  Uk
=005  20140506134019.0
=008  120717s2012\\\\ag\a\\\\\b\\\\000\0\spa\d
=020  \\$a9789872278489
=020  \\$a9872278482
=035  \\$a(OCoLC)813226799
=040  \\$aAR-BaFGC$cN15$dOCLCQ$dUk
=042  \\$aukblderived
=043  \\$as-ag---
=050  \4$aHD9144.A73$bB843 2012
=100  1\$aArias Divito, Juan Carlos.
=245  10$aAdministración General de Tabacos y Naipes de Buenos Aires :$b1778-1812 /$cJuan Carlos Arias Divito.
=260  \\$aBuenos Aires :$bInstituto Bibliográfico "Antonio Zinny",$c2012.
=300  \\$a394 p. :$bill. ;$c23 cm.
=336  \\$atext$2rdacontent
=337  \\$aunmediated$2rdamedia
=338  \\$avolume$2rdacarrier
=504  \\$aIncludes bibliographical references.
=610  10$aBuenos Aires (Argentina : Province).$bDirección General de Tabacos y Naipes$xHistory.
=650  \0$aTobacco industry$zArgentina$xHistory.
=650  \0$aSmoking$zArgentina$zBuenos Aires (Province)$xHistory.
=852  41$aBritish Library$bHMNTS$jYF.2014.a.10864
=856  41$uhttp://core.cambeiro.com.ar/0-166720-0.pdf
=CAT  \\$a6503$b40$c20130815$lBLL01$h1221
=CAT  \\$a11002$b40$c20140506$lBLL01$h1340
=FIN  \\$aY$d20140506
=FMT  \\$a  BK
=LAS  \\$a11002$b40$c20140506$lBLL01$h1340
=SID  \\$aZ39$bOCLC

