=LDR  01553 am a2200397 a 4500
=001  016483961
=003  Uk
=005  20131127104101.0
=008  130102s2012\\\\ag\\\\\\\b\\\\000\0\spa\d
=020  \\$a9789872635138
=020  \\$a9872635137
=035  \\$a(OCoLC)853606896
=040  \\$aAR-BaFGC$cN15$dOCLCO$dFXG$dUk
=042  \\$aukblderived
=043  \\$as-ag---$acl-----
=050  \4$aZ1630.3$b.L83 2012
=245  00$aLucha armada, guía hemerográfica :$bpublicaciones político-periodísticas argentinas, 1959-1983 /$ccoordinador, Gabriel Rot.
=260  \\$a[Ciudad Autónoma de Buenos Aires] :$bColectivo El Topo Blindado,$c[2012]
=300  \\$a164 pages ;$c20 cm.
=336  \\$atext$2rdacontent
=337  \\$aunmediated$2rdamedia
=338  \\$avolume$2rdacarrier
=490  0\$aColección Por los archivos
=650  \0$aGuerrillas$zArgentina$xHistory$y20th century$xPeriodicals$vBibliography.
=650  \0$aGuerrillas$zLatin America$xHistory$y20th century$xPeriodicals$vBibliography.
=650  \0$aPolitical violence$zArgentina$xHistory$y20th century$xPeriodicals$vBibliography.
=650  \0$aPolitical violence$zLatin America$xHistory$y20th century$xPeriodicals$vBibliography.
=700  1\$aRot, Gabriel,$d1956-
=852  41$aBritish Library$bHMNTS$jYF.2013.a.24426
=856  41$uhttp://core.cambeiro.com.ar/0-168379-1.pdf
=CAT  \\$a9518$b40$c20130828$lBLL01$h0932
=CAT  \\$a5703$b40$c20131127$lBLL01$h1041
=FIN  \\$aY$d20131127
=FMT  \\$a  BK
=LAS  \\$a5703$b40$c20131127$lBLL01$h1041
=SID  \\$aZ39$bOCLC

