=LDR  01431 am a22003977a 4500
=001  016483970
=003  Uk
=005  20140107104530.0
=008  121205s2012\\\\ag\\\\\\\\\\\\000\0\spa\d
=020  \\$a9789871467372
=020  \\$a9871467370
=035  \\$a(OCoLC)845245441
=040  \\$aAR-BaFGC$cN15$dOCLCO$dUk
=042  \\$aukblderived
=043  \\$as-ag---
=050  \4$aHV6885.B8$bL3 2012
=100  1\$aLancelotti, Miguel A.
=245  13$aLa criminalidad en Buenos Aires, al margen de la estadística :$b1887 a 1912 /$cMiguel A. Lancelotti.
=260  \\$aCórdoba, Argentina :$bEditorial Buena Vista,$cc2012.
=300  \\$a131 p. ;$c21 cm.
=336  \\$atext$2rdacontent
=337  \\$aunmediated$2rdamedia
=338  \\$avolume$2rdacarrier
=490  1\$aColección Criminología argentina ;$v1
=500  \\$aOriginally published: Buenos Aires: V. Abeledo, [1914]. With new preliminary study by José Daniel Cesano, Jorge Núñez.
=650  \0$aCrime$zArgentina$zBuenos Aires.
=650  \0$aCriminal statistics$zArgentina$zBuenos Aires.
=830  \0$aColección Criminología argentina ;$v1.
=852  41$aBritish Library$bHMNTS$jYF.2014.a.564
=856  41$uhttp://core.cambeiro.com.ar/0-168265-1.pdf
=CAT  \\$a9518$b40$c20130828$lBLL01$h0944
=CAT  \\$a11131$b40$c20140107$lBLL01$h1045
=FIN  \\$aY$d20140107
=FMT  \\$a  BK
=LAS  \\$a11131$b40$c20140107$lBLL01$h1045
=SID  \\$aZ39$bOCLC

