=LDR  02517 am a22005537a 4500
=001  016483986
=003  Uk
=005  20140107092545.0
=008  120607s2012\\\\ag\a\\\\\b\\\\000\0\spa\d
=020  \\$a9789875745438
=020  \\$a987574543X
=035  \\$a(OCoLC)811124212
=040  \\$aAR-BaFGC$cN15$dCGU$dOCLCO$dUk
=041  1\$aspa$hfre
=042  \\$aukblderived
=043  \\$as-ag---$ae-fr---
=050  \4$aHQ799.A7$bD54 2012
=245  03$aLa difícil inserción de los jóvenes de clases populares en Argentina y Francia /$cOsvaldo Battistini y Gérard Mauger, compiladores.
=260  \\$aBuenos Aires :$bPrometeo Libros,$cc2012.
=300  \\$a454 p. :$bill. ;$c22 cm.
=336  \\$atext$2rdacontent
=337  \\$aunmediated$2rdamedia
=338  \\$avolume$2rdacarrier
=490  1\$aColección Estudios del trabajo
=500  \\$a"Este libro es el resultado de los trabajos desarrollados entre 2007 y 2009 por los equipos del Centre de Sociologie Européene (CSE), dirigido por el Prof. Gérard Mauger y el dirigido por el Dr. Osvaldo Battistini en el CONICET y la Universidad de Buenos Aires, en el marco del proyecto ECOS A06H02: "La integración social en problemas : un estudio sobre jóvenes, trabajo y sectores populares en Argentina y Francia".
=504  \\$aIncludes bibliographical references.
=546  \\$aTexts in Spanish. Part of the articles were originally written in French, and translated into Spanish for this edition.
=650  \0$aPoor youth$zArgentina$xSocial conditions.
=650  \0$aPoor youth$zFrance$xSocial conditions.
=650  \0$aPoor youth$xEmployment$zArgentina.
=650  \0$aPoor youth$xEmployment$zFrance.
=650  \0$aPoor youth$xServices for$zArgentina.
=650  \0$aPoor youth$xServices for$zFrance.
=700  1\$aBattistini, Osvaldo R.
=700  1\$aMauger, Gérard.
=710  2\$aCentre de sociologie européene (France)
=710  2\$aConsejo Nacional de Investigaciones Científicas y Técnicas (Argentina)
=710  2\$aUniversidad de Buenos Aires.
=830  \0$aColección Estudios del trabajo.
=852  41$aBritish Library$bHMNTS$jYF.2014.a.545
=856  41$uhttp://core.cambeiro.com.ar/0-166480-1.pdf
=CAT  \\$a9518$b40$c20130828$lBLL01$h1038
=CAT  \\$a11131$b40$c20140107$lBLL01$h0925
=CAT  \\$aBATCH-UPD$b40$c20161021$lBLL01$h2055
=CAT  \\$aBATCH-UPD$b40$c20170630$lBLL01$h2037
=FIN  \\$aY$d20140107
=FMT  \\$a  BK
=LAS  \\$aBATCH-UPD$b40$c20170630$lBLL01$h2037
=SID  \\$aZ39$bOCLC

