=LDR  01312 am a22004097i 4500
=001  016483988
=003  Uk
=005  20150714132050.0
=008  121108s2012\\\\ag\\\\\\\\\\\\000\0bspa\d
=020  \\$a9789504930136
=020  \\$a9504930131
=035  \\$a(OCoLC)832818328
=040  \\$aAR-BaFGC$cN15$dOCLCO$duk$erda
=042  \\$aukblderived
=043  \\$as-ag---
=050  \4$aHB123.A73$bK53 2012
=100  1\$aBurgo, Ezequiel,$d1972-
=245  13$aEl creyente :$b¿quién es Axel Kicillof? /$cEzequiel Burgo.
=260  \\$aC.A.B.A. [i.e. Buenos Aires] :$bPlaneta,$c2012.
=300  \\$a197 pages ;$c23 cm.
=336  \\$atext$2rdacontent
=337  \\$aunmediated$2rdamedia
=338  \\$avolume$2rdacarrier
=490  0\$aEspejo de la Argentina
=600  10$aKicillof, Axel,$d1971-
=650  \0$aEconomists$zArgentina$vBiography.
=650  \0$aCabinet officers$zArgentina$vBiography.
=651  \0$aArgentina$xEconomic policy.
=852  41$aBritish Library$bHMNTS$jYF.2015.a.13751
=856  41$uhttp://core.cambeiro.com.ar/0-646-144.pdf
=CAT  \\$a9518$b40$c20130828$lBLL01$h1040
=CAT  \\$a11131$b40$c20150714$lBLL01$h1320
=CAT  \\$aBATCH-UPD$b40$c20170818$lBLL01$h2027
=FIN  \\$aY$d20150714
=FMT  \\$a  BK
=LAS  \\$aBATCH-UPD$b40$c20170818$lBLL01$h2027
=SID  \\$aZ39$bOCLC

