=LDR  01391 am a2200385 a 4500
=001  016483998
=003  Uk
=005  20131030151456.0
=008  120823s2012\\\\ag\\\\\\\b\\\\000\0\spa\d
=020  \\$a9789871599943
=020  \\$a9871599943
=035  \\$a(OCoLC)812455018
=040  \\$aAR-BaFGC$cN15$dOCLCO$dIXA$dUk
=042  \\$aukblderived
=043  \\$as-ag---
=050  \4$aHD1476.A72$bP366 2012
=100  1\$aLópez Castro, Natalia.
=245  10$aPersistencia en los márgenes :$bla agricultura familiar en el sudoeste bonaerense /$cNatalia López Castro.
=260  \\$a[Buenos Aires?] :$bEdiciones CICCUS :$bCONICET,$cc2012.
=300  \\$a213 pages ;$c23 cm
=336  \\$atext$2rdacontent
=337  \\$aunmediated$2rdamedia
=338  \\$avolume$2rdacarrier
=500  \\$aBased in the author's thesis (Magister)--FLACSO Argentina, 2009.
=504  \\$aIncludes bibliographical references (p. 201-212).
=650  \0$aFamily farms$xSocial aspects$zArgentina$zPampas$vCase studies.
=650  \0$aAgriculture$xEconomic aspects$zArgentina$zPampas$vCase studies.
=852  41$aBritish Library$bHMNTS$jYF.2013.a.21188
=856  41$uhttp://core.cambeiro.com.ar/0-166938-0.pdf
=CAT  \\$a9518$b40$c20130828$lBLL01$h1049
=CAT  \\$a5703$b40$c20131030$lBLL01$h1514
=FIN  \\$aY$d20131030
=FMT  \\$a  BK
=LAS  \\$a5703$b40$c20131030$lBLL01$h1514
=SID  \\$aZ39$bOCLC

