=LDR  01922 am a2200457 a 4500
=001  016484192
=003  Uk
=005  20131127130204.0
=008  120725s2012\\\\ag\\\\\\\b\\\\100\0\spa\d
=020  \\$a9789507869624
=020  \\$a950786962X
=035  \\$a(OCoLC)811124269
=040  \\$aAR-BaFGC$cN15$dPL#$dI5B$dGZM$dIXA$dIQU$dUk
=042  \\$aukblderived
=043  \\$acl-----
=050  \4$aHV1448.L28$bP65 2012
=245  00$aPolítica social en América Latina y género :$bconfiguraciones/reconfiguraciones en la participación de las mujeres /$cSusana Ortale, Rocío Enríquez Rosas, coordinadoras.
=260  \\$aBuenos Aires :$bEditorial Biblos,$cc2012.
=300  \\$a326 pages ;$c20 cm.
=336  \\$atext$2rdacontent
=337  \\$aunmediated$2rdamedia
=338  \\$avolume$2rdacarrier
=490  1\$aInvestigaciones y ensayos
=500  \\$aSelection of papers presented at the symposium "Políticas sociales, participación y género", held as part of the 53rd International Congress of Americanists, Mexico City, Mexico, 2009.
=500  \\$aPublished simultaneously: Guadalajara : ITESO, c2012.
=504  \\$aIncludes bibliographical references.
=650  \0$aWomen$xGovernment policy$zLatin America$vCongresses.
=650  \0$aWomen's rights$xGovernment policy$zLatin America$vCongresses.
=651  \0$aLatin America$xSocial policy$vCongresses.
=700  1\$aOrtale, Susana.
=700  1\$aEnríquez Rosas, Rocío.
=711  2\$aInternational Congress of Americanists$n(53rd :$d2009 :$cMexico City, Mexico)
=830  \0$aInvestigaciones y ensayos (Editorial Biblos)
=852  41$aBritish Library$bHMNTS$jYF.2013.a.24500
=856  41$uhttp://core.cambeiro.com.ar/0-155719-35.pdf
=CAT  \\$a9518$b40$c20130828$lBLL01$h1347
=CAT  \\$a5703$b40$c20131127$lBLL01$h1302
=FIN  \\$aY$d20131127
=FMT  \\$a  BK
=LAS  \\$a5703$b40$c20131127$lBLL01$h1302
=SID  \\$aZ39$bOCLC

