=LDR  01611 am a22004337a 4500
=001  016484241
=003  Uk
=005  20140108075651.0
=008  120629s2012\\\\ag\\\\\\\b\\\\000\0\spa\d
=020  \\$a9789871421329
=035  \\$a(OCoLC)810290705$z(OCoLC)818843300
=040  \\$aAR-BaFGC$cN15$dOCLCO$dCGU$dUk
=042  \\$aukblderived
=043  \\$as-ag---
=050  \4$aF2849.2$b.P33 2012
=100  1\$aPacheco, Julieta.
=245  10$aNacional y popular :$bel MALENA y la construcción del programa de liberación nacional : 1955-1969 /$cJulieta Pacheco.
=250  \\$a1. ed.
=260  \\$aBuenos Aires :$bEdiciones ryr,$c2012.
=300  \\$a315 p. ;$c20 cm.
=336  \\$atext$2rdacontent
=337  \\$aunmediated$2rdamedia
=338  \\$avolume$2rdacarrier
=490  1\$aInvestigaciones CEICS ;$v11
=500  \\$aOriginally presented as the author's thesis (licenciate)--Universidad de Buenos Aires.
=504  \\$aIncludes bibliographical references (p. 307-315).
=610  20$aMovimiento de Liberación Nacional (Argentina)
=650  \0$aIntellectuals$xPolitical activity$zArgentina$xHistory$y20th century.
=650  \0$aNew Left$zArgentina$xHistory$y20th century.
=651  \0$aArgentina$xPolitics and government$y1955-1983.
=830  \0$aInvestigaciones CEICS ;$v11.
=852  41$aBritish Library$bHMNTS$jYF.2014.a.774
=856  41$uhttp://core.cambeiro.com.ar/0-145939-11.pdf
=CAT  \\$a9518$b40$c20130828$lBLL01$h1420
=CAT  \\$a11131$b40$c20140108$lBLL01$h0756
=FIN  \\$aY$d20140108
=FMT  \\$a  BK
=LAS  \\$a11131$b40$c20140108$lBLL01$h0756
=SID  \\$aZ39$bOCLC

