=LDR  01766 am a2200457 a 4500
=001  016484259
=003  Uk
=005  20140130154437.0
=008  111129s2011\\\\ag\\\\\\\b\\\\100\0\spa\d
=020  \\$a9789509262560
=020  \\$a9509262560
=035  \\$a(OCoLC)772391718
=040  \\$aAR-BaFGC$cN15$dCUY$dUk
=042  \\$aukblderived
=043  \\$as-ag---$anwcu---
=050  \4$aF2849.2$b.J67 2010
=111  2\$aJornadas de Historia (Buenos Aires, Argentina)$n(6th :$d2010 :$cBuenos Aires, Argentina)
=245  13$aLa década del sesenta y la celebración del sesquicentenario en Hispanoamérica :$bactas VI Jornadas de Historia : Buenos Aires, 8 y 9 de abril, 2010 /$ccoordinadora, Silvia Fridman.
=250  \\$a1a ed.
=260  \\$aBuenos Aires :$bEdiciones FEPAI,$c[2011]
=300  \\$a264 pages ;$c21 cm
=336  \\$atext$2rdacontent
=337  \\$aunmediated$2rdamedia
=338  \\$avolume$2rdacarrier
=504  \\$aIncludes bibliographical references.
=651  \0$aArgentina$xHistory$y1955-1983$vCongresses.
=651  \0$aCuba$xHistory$yRevolution, 1959$vCongresses.
=651  \0$aArgentina$xIntellectual life$y20th century$vCongresses.
=651  \0$aArgentina$xRelations$zCuba$vCongresses.
=651  \0$aCuba$xRelations$zArgentina$vCongresses.
=700  1\$aFridman, Silvia.
=710  2\$aFundación para el Estudio del Pensamiento Argentino e Iberoamericano.
=852  41$aBritish Library$bHMNTS$jYF.2014.a.3082
=856  41$uhttp://core.cambeiro.com.ar/0-46357-5.pdf
=CAT  \\$a9518$b40$c20130828$lBLL01$h1438
=CAT  \\$a5703$b40$c20140130$lBLL01$h1544
=CAT  \\$aBATCH-UPD$b40$c20140911$lBLL01$h2020
=FIN  \\$aY$d20140130
=FMT  \\$a  BK
=LAS  \\$aBATCH-UPD$b40$c20140911$lBLL01$h2020
=SID  \\$aZ39$bOCLC

