=LDR  01463 am a22004217a 4500
=001  016484304
=003  Uk
=005  20140107112754.0
=008  121026s2012\\\\ag\\\\\\\b\\\\000\0\spa\d
=020  \\$a9871855214
=020  \\$a9789871855216
=035  \\$a(OCoLC)832821179
=040  \\$aAR-BaFGC$beng$cN15$dCGU$dIXA$dUk
=042  \\$aukblderived
=043  \\$as-ag---
=050  \4$aF2849$b.A24 2012
=100  1\$aAcha, Omar,$d1971-
=245  13$aEl hecho maldito :$bconversaciones para otra historia del peronismo /$cOmar Acha y Nicolás Quiroga.
=260  \\$aRosario [Argentina] :$bProhistoria Ediciones,$c2012.
=300  \\$a237 p. ;$c23 cm.
=336  \\$atext$2rdacontent
=337  \\$aunmediated$2rdamedia
=338  \\$avolume$2rdacarrier
=490  1\$aColección Universidad ;$v17
=504  \\$aIncludes bibliographical references (p. [203]-237).
=650  \0$aPeronism$xHistoriography.
=651  \0$aArgentina$xPolitics and government$y1943-1955$xHistoriography.
=700  1\$aQuiroga, Nicolás.
=830  \0$aColección Universidad (Prohistoria Ediciones) ;$v17.
=852  41$aBritish Library$bHMNTS$jYF.2014.a.650
=856  41$uhttp://core.cambeiro.com.ar/0-162799-13.pdf
=CAT  \\$a9518$b40$c20130828$lBLL01$h1540
=CAT  \\$a11131$b40$c20140107$lBLL01$h1127
=CAT  \\$aBATCH-UPD$b40$c20151030$lBLL01$h2056
=FIN  \\$aY$d20140107
=FMT  \\$a  BK
=LAS  \\$aBATCH-UPD$b40$c20151030$lBLL01$h2056
=SID  \\$aZ39$bOCLC

