=LDR  02990 am a22004457a 4500
=001  016484305
=003  Uk
=005  20140107144044.0
=008  121130s2012\\\\ag\\\\\\\b\\\\000\0\spa\d
=020  \\$a9789871855186
=020  \\$z9871855184
=035  \\$a(OCoLC)853606953
=040  \\$aAR-BaFGC$cN15$dOCLCO$dFXG$dNOC$dUk
=042  \\$aukblderived
=043  \\$as-ag---
=050  \4$aHD8266.5$b.R46 2012
=245  00$aResistencias al proceso de embate neoliberal en Argentina :$baproximaciones desde la historia oral /$cGraciela Iuorno y Laura Pasquali, compiladoras.
=260  \\$aRosario [Argentina] :$bProhistoria Ediciones,$c2012.
=300  \\$a217 p. ;$c23 cm.
=336  \\$atext$2rdacontent
=337  \\$aunmediated$2rdamedia
=338  \\$avolume$2rdacarrier
=490  1\$aColección Universidad ;$v16
=504  \\$aIncludes bibliographical references (p. [195]-217).
=505  0\$aDiferentes miradas sobre múltiples problemas del presente / Laura Pasquali y Graciela Iuorno -- Voces múltiples, horizontes comunes: las fuentes orales como posibilitadoras de la tarea historiográfica / Laura Pasquali -- Algunas reflexiones en torno a la historia del presente, las fuentes orales y la interdisciplinariedad / Graciela Iuorno -- Voces acalladas y derechos restringidos: el registro oral frente al silencio institucional / Paula Gabriela Núñez -- Conduciendo en la Patagonia: mujeres taxistas en el Alto Valle de Rio Negro y Neuquén en la últimas décadas / Adriana Jorgelina Freire, Graciela Iuorno -- Las mujeres de la construcción: grupos de trabajo en Río Negro / Alicia Ester González -- Del dicho al hecho: historia oral y grupos dirigentes: aportes para la reconstrucción del caso SOMISA / Mauricio Correa -- Historia oral e historia de la clase obrera: los conflictos en las fábricas Modecraft y Aluar, del noreste de Chubut / Gonzalo Pérez Álvarez -- La privatización de Hidroeléctrica Norpatagónica Hidronor en la década de 1990 / Olga Roselli -- Piqueteros en busca del mundo ypefiano perdido: la experiencia de la UTD de General Mosconi (Salta) / Alejandro Jasinski -- La defensa del puesto de guardia: punto de inflexión en la construcción gremial de los trabajadores del subterráneo (Buenos Aires) / Federico Vocos.
=650  \0$aLabor movement$zArgentina$xHistory$y20th century.
=650  \0$aWorking class$xPolitical activity$zArgentina$xHistory$y20th century.
=650  \0$aOral history$zArgentina.
=651  \0$aArgentina$xSocial conditions$y20th century.
=700  1\$aIuorno, Graciela.
=700  1\$aPasquali, Laura.
=830  \0$aColección Universidad (Prohistoria Ediciones) ;$v16.
=852  41$aBritish Library$bHMNTS$jYF.2014.a.798
=856  41$uhttp://core.cambeiro.com.ar/0-162799-16.pdf
=CAT  \\$a9518$b40$c20130828$lBLL01$h1541
=CAT  \\$a11131$b40$c20140107$lBLL01$h1440
=FIN  \\$aY$d20140107
=FMT  \\$a  BK
=LAS  \\$a11131$b40$c20140107$lBLL01$h1440
=SID  \\$aZ39$bOCLC

