=LDR  01486 am a2200385 a 4500
=001  016484311
=003  Uk
=005  20131127133313.0
=008  121210s2012\\\\ag\ab\\\\b\\\\000\0\spa\d
=020  \\$a9789872822408
=020  \\$a9872822409
=035  \\$a(OCoLC)832820544
=040  \\$aAR-BaFGC$cN15$dOCLCO$dPIT$dUk
=042  \\$aukblderived
=043  \\$as-ag---
=050  \4$aF3011.L8$bN47 2012
=100  1\$aNéspolo, Eugenia.
=245  10$aResistencia y complementariedad, gobernar en Buenos Aires :$bLuján en el siglo XVIII, un espacio políticamente concertado /$cEugenia Alicia Néspolo.
=260  \\$aPilar, Provincia de Buenos Aires :$bEscaramujo Editorial,$cc2012.
=300  \\$a731 pages :$billustrations, maps ;$c21 cm
=336  \\$atext$2rdacontent
=337  \\$aunmediated$2rdamedia
=338  \\$avolume$2rdacarrier
=504  \\$aIncludes bibliographical references (p. 697-731).
=650  \0$aIndians of South America$zArgentina$zLuján (Buenos Aires)$xHistory$y18th century.
=651  \0$aLuján (Buenos Aires, Argentina)$xHistory$y18th century.
=651  \0$aLuján (Buenos Aires, Argentina)$xEthnic relations$xHistory$y18th century.
=852  41$aBritish Library$bHMNTS$jYF.2013.a.24113
=856  41$uhttp://core.cambeiro.com.ar/0-168052-0.pdf
=CAT  \\$a9518$b40$c20130828$lBLL01$h1546
=CAT  \\$a5703$b40$c20131127$lBLL01$h1333
=FIN  \\$aY$d20131127
=FMT  \\$a  BK
=LAS  \\$a5703$b40$c20131127$lBLL01$h1333
=SID  \\$aZ39$bOCLC

