=LDR  01400 am a2200421 a 4500
=001  016485016
=003  Uk
=005  20131030110109.0
=008  120905s2012\\\\ag\\\\\\\\\\\\000\0aspa\d
=020  \\$a9789876143721
=020  \\$a9876143727
=035  \\$a(OCoLC)819532388
=040  \\$aAR-BaFGC$cN15$dOCLCO$dYDXCP$dIXA$dUk
=042  \\$aukblderived
=043  \\$as-ag---
=050  \4$aPN1998.3.M87$bA3 2012
=050  \4$aPN1998.3.M876$bA3 2012
=100  1\$aMusaluppi, Hernán.
=245  13$aEl cine y lo que queda de mí /$cHernán Musaluppi ; con la colaboración de Pablo Chernov.
=260  \\$aBuenos Aires :$bCapital Intelectual,$cc2012.
=300  \\$a189 pages ;$c22 cm.
=336  \\$atext$2rdacontent
=337  \\$aunmediated$2rdamedia
=338  \\$avolume$2rdacarrier
=490  1\$aConfesiones
=600  10$aMusaluppi, Hernán.
=650  \0$aMotion picture producers and directors$zArgentina$vBiography.
=650  \0$aMotion pictures$xProduction and direction$zArgentina.
=700  1\$aChernov, Pablo.
=830  \0$aConfesiones (Buenos Aires, Argentina)
=852  41$aBritish Library$bHMNTS$jYF.2013.a.21203
=856  41$uhttp://core.cambeiro.com.ar/0-162487-3.pdf
=CAT  \\$a9518$b40$c20130830$lBLL01$h0953
=CAT  \\$a5703$b40$c20131030$lBLL01$h1101
=FIN  \\$aY$d20131030
=FMT  \\$a  BK
=LAS  \\$a5703$b40$c20131030$lBLL01$h1101
=SID  \\$aZ39$bOCLC

