=LDR  01357 am a2200409 a 4500
=001  016485021
=003  Uk
=005  20131030132209.0
=008  121206s2012\\\\ag\a\\\\\\\\\\000\0dspa\d
=010  \\$a  2013380130
=020  \\$a9789500740715
=020  \\$a9500740710
=035  \\$a(OCoLC)ocn832816457
=040  \\$aAR-BaFGC$cN15$dDLC$dUk
=042  \\$aukblcatcopy
=043  \\$as-ag---
=050  00$aML410.G36$bA4 2012
=100  1\$aGinastera, Alberto,$d1916-1983.
=245  10$aDe padre a hija /$ccartas de Alberto Ginastera a su hija Georgina ; [compiladora y entrevistadora] Cecilia Scalisi.
=260  \\$aBuenos Aires :$bSudamericana,$cc2012.
=300  \\$a326 pages :$billustrations ;$c23 cm
=336  \\$atext$2rdacontent
=337  \\$aunmediated$2rdamedia
=338  \\$avolume$2rdacarrier
=600  10$aGinastera, Alberto,$d1916-1983$vCorrespondence.
=600  10$aGinastera, Georgina$vCorrespondence.
=650  \0$aComposers$zArgentina$vCorrespondence.
=700  1\$aGinastera, Georgina.
=700  1\$aScalisi, Cecilia.
=852  41$aBritish Library$bHMNTS$jYF.2013.a.21207
=856  41$uhttp://core.cambeiro.com.ar/0-122437-49.pdf
=CAT  \\$a9518$b40$c20130830$lBLL01$h0957
=CAT  \\$a5703$b40$c20131030$lBLL01$h1322
=FIN  \\$aY$d20131030
=FMT  \\$a  BK
=LAS  \\$a5703$b40$c20131030$lBLL01$h1322
=SRC  \\$aBLL02

