=LDR  01128 am a22003497a 4500
=001  016485039
=003  Uk
=005  20140702095708.0
=008  120806s2012\\\\ag\\\\\\\b\\\\001\0\spa\d
=020  \\$a9789870805663
=020  \\$a9870805663
=035  \\$a(OCoLC)813226816
=040  \\$aAR-BaFGC$cN15$dOCLCQ$dUk
=042  \\$aukblderived
=050  \4$aPQ7797.G632$bZ544 2012
=100  1\$aBoéchat, Susana.
=245  10$aMaría Granata :$brealismo mágico y humanismo /$cSusana Boéchat.
=260  \\$aBuenos Aires :$bDe los Cuatro Vientos,$cc2012.
=300  \\$a206 p. ;$c20 cm.
=336  \\$atext$2rdacontent
=337  \\$aunmediated$2rdamedia
=338  \\$avolume$2rdacarrier
=504  \\$aIncludes bibliographical references and index.
=600  10$aGranata, María$xCriticism and interpretation.
=852  41$aBritish Library$bHMNTS$jYF.2014.a.15484
=856  41$uhttp://core.cambeiro.com.ar/0-165957-0.pdf
=CAT  \\$a9518$b40$c20130830$lBLL01$h1037
=CAT  \\$a11131$b40$c20140702$lBLL01$h0957
=FIN  \\$aY$d20140702
=FMT  \\$a  BK
=LAS  \\$a11131$b40$c20140702$lBLL01$h0957
=SID  \\$aZ39$bOCLC

