=LDR  01236 am a2200385 a 4500
=001  016485062
=003  Uk
=005  20140130155932.0
=008  120103s2011\\\\ag\\\\\\\b\\\f000\0\spa\d
=010  \\$a  2011438910
=020  \\$a9789871371808
=035  \\$a(AR-BaFGC)0-147164/12
=040  \\$aAR-BaFGC$cAR-BaFGC$dDLC$dUk
=042  \\$aukblcatcopy
=043  \\$as-ag---
=050  00$aPQ7654$b.M66 2011
=100  1\$aMonaco, Ricardo E.
=245  10$aDe cercanías y distancias :$blecturas y (e)lecciones de la literatura argentina /$cRicardo Mónaco.
=250  \\$a1. ed.
=260  \\$aMar del Plata, Argentina :$bEUDEM,$c2011.
=300  \\$a243 p. ;$c21 cm.
=336  \\$atext$2rdacontent
=337  \\$aunmediated$2rdamedia
=338  \\$avolume$2rdacarrier
=490  0\$aSerie Símbolos
=504  \\$aIncludes bibliographical references.
=650  \0$aArgentine literature$y20th century$xHistory and criticism.
=852  41$aBritish Library$bHMNTS$jYF.2014.a.3078
=856  41$uhttp://core.cambeiro.com.ar/0-147164-12.pdf
=CAT  \\$a9518$b40$c20130830$lBLL01$h1100
=CAT  \\$a5703$b40$c20140130$lBLL01$h1559
=FIN  \\$aY$d20140130
=FMT  \\$a  BK
=LAS  \\$a5703$b40$c20140130$lBLL01$h1559
=SRC  \\$aBLL02

