=LDR  01480 am a2200397 a 4500
=001  016485255
=003  Uk
=005  20131127132607.0
=008  120702s2012\\\\ag\ab\\\\b\\\f100\0\spa\d
=020  \\$a9789871172917
=020  \\$a9871172915
=035  \\$a(OCoLC)811124241
=040  \\$aAR-BaFGC$cN15$dIQU$dUk
=042  \\$aukblderived
=043  \\$as-ag---
=050  \4$aJV7442$b.M54 2012
=245  04$aLas migraciones actuales en Argentina :$bmemorias de las jornadas realizadas el 18 y 29 de junio de 2011, Buenos Aires, Argentina /$cNorberto L. Griffa, compilador.
=250  \\$a1. ed.
=260  \\$aBuenos Aires, Argentina :$bEditorial de la Universidad Nacional de Tres de Febrero,$c2012.
=300  \\$a231 pages :$billustrations, maps ;$c23 cm
=336  \\$atext$2rdacontent
=337  \\$aunmediated$2rdamedia
=338  \\$avolume$2rdacarrier
=504  \\$aIncludes bibliographical references.
=651  \0$aArgentina$xEmigration and immigration$vCongresses.
=651  \0$aArgentina$xEmigration and immigration$xGovernment policy$vCongresses.
=700  1\$aGriffa, Norberto L.,$d1931-2011.
=710  2\$aUniversidad Nacional de Tres de Febrero.
=852  41$aBritish Library$bHMNTS$jYF.2013.a.24189
=856  41$uhttp://core.cambeiro.com.ar/0-166668-0.pdf
=CAT  \\$a6503$b40$c20130830$lBLL01$h1550
=CAT  \\$a5703$b40$c20131127$lBLL01$h1326
=FIN  \\$aY$d20131127
=FMT  \\$a  BK
=LAS  \\$a5703$b40$c20131127$lBLL01$h1326
=SID  \\$aZ39$bOCLC

