=LDR  01493 am a2200409 a 4500
=001  016485259
=003  Uk
=005  20140321134013.0
=008  121002s2012\\\\ag\a\\\\\b\\\\000\0\spa\d
=020  \\$a9789875001596
=020  \\$a9875001597
=035  \\$a(OCoLC)832816990
=040  \\$aAR-BaFGC$cN15$dOCLCO$dPIT$dUk
=042  \\$aukblderived
=043  \\$as-ag---$as-bl---$ae-fr---
=050  \4$aLC4944.A7$bF67 2012
=245  00$aFormación de las elites :$binvestigaciones y debates en Argentina, Brasil y Francia /$cSandra Ziegler y Victoria Gessaghi, comps. ; [autores, Andréa Aguiar ... et al.].
=260  \\$aBuenos Aires :$bManantial :$bFLACSO,$cc2012.
=300  \\$a295 pages :$billustrations ;$c23 cm
=336  \\$atext$2rdacontent
=337  \\$aunmediated$2rdamedia
=338  \\$avolume$2rdacarrier
=504  \\$aIncludes bibliographical references.
=650  \0$aElite (Social sciences)$xEducation$zArgentina.
=650  \0$aElite (Social sciences)$xEducation$zBrazil.
=650  \0$aElite (Social sciences)$xEducation$zFrance.
=650  \0$aElite (Social sciences)$zArgentina$xHistory.
=700  1\$aZiegler, Sandra.
=700  1\$aGessaghi, Victoria.
=852  41$aBritish Library$bHMNTS$jYF.2014.a.7292
=856  41$uhttp://core.cambeiro.com.ar/0-167179-0.pdf
=CAT  \\$a6503$b40$c20130830$lBLL01$h1555
=CAT  \\$a5703$b40$c20140321$lBLL01$h1340
=FIN  \\$aY$d20140321
=FMT  \\$a  BK
=LAS  \\$a5703$b40$c20140321$lBLL01$h1340
=SID  \\$aZ39$bOCLC

