=LDR  01595 am a2200445 a 4500
=001  016487421
=003  Uk
=005  20131127114643.0
=008  130102s2012\\\\ag\a\\\\\b\\\\000\0\spa\d
=020  \\$a9789508023544
=020  \\$a9508023546
=035  \\$a(OCoLC)832820461
=040  \\$aAR-BaFGC$cN15$dOCLCO$dIXA$dUk
=042  \\$aukblderived
=043  \\$as-ag---
=050  \4$aHD8039.P42$bA85 2012
=100  1\$aMuñiz Terra, Leticia.
=245  15$aLos (ex) trabajadores de YPF :$btrayectorias laborales a 20 años de la privatización /$cLeticia Muñiz Terra.
=246  3\$aEx trabajadores de YPF
=250  \\$a1a ed.
=260  \\$aBuenos Aires :$bEspacio Editorial,$c2012.
=300  \\$a272 pages :$billustrations ;$c23 cm.
=336  \\$atext$2rdacontent
=337  \\$aunmediated$2rdamedia
=338  \\$avolume$2rdacarrier
=490  1\$aColección Desarrollo social y sociedad
=504  \\$aIncludes bibliographical references (p. 261-272).
=610  20$aYacimientos Petrolíferos Fiscales (Argentina)
=650  \0$aPetroleum workers$zArgentina$xHistory.
=650  \0$aDisplaced workers$xEmployment$zArgentina.
=830  \0$aColección Desarrollo social y sociedad (Buenos Aires, Argentina)
=852  41$aBritish Library$bHMNTS$jYF.2013.a.24418
=856  41$uhttp://core.cambeiro.com.ar/0-142843-11.pdf
=CAT  \\$a6503$b40$c20130902$lBLL01$h0858
=CAT  \\$a5703$b40$c20131127$lBLL01$h1146
=CAT  \\$aBATCH-UPD$b40$c20190320$lBLL01$h1713
=FIN  \\$aY$d20131127
=FMT  \\$a  BK
=LAS  \\$aBATCH-UPD$b40$c20190320$lBLL01$h1713
=SID  \\$aZ39$bOCLC

