=LDR  01392 am a2200397 a 4500
=001  016487458
=003  Uk
=005  20131127114311.0
=008  121204s2012\\\\ag\\\\\\\b\\\\000\0\spa\d
=020  \\$a9789508924117
=020  \\$a950892411X
=035  \\$a(OCoLC)857111411
=040  \\$aAR-BaFGC$cN15$dOCLCO$dUk
=042  \\$aukblderived
=043  \\$as-ag---
=050  \4$aHQ799.A7$bJ88 2012
=245  00$aJuventudes y género :$bsentidos y usos del cuerpo, tiempos y espacios en los jóvenes de hoy /$cAna María Mendes Diz, Patricia K. N. Schwarz, coordinadoras ; autores, Enrique del Acebo Ibáñez ... [et al.].
=260  \\$aBuenos Aires :$bLugar Editorial,$cc2012.
=300  \\$a212 pages ;$c23 cm
=336  \\$atext$2rdacontent
=337  \\$aunmediated$2rdamedia
=338  \\$avolume$2rdacarrier
=504  \\$aIncludes bibliographical references.
=650  \0$aUrban youth$zArgentina$xSocial life and customs.
=650  \0$aUrban youth$zArgentina$xAttitudes.
=650  \0$aYouth.
=700  1\$aMendes Diz, Ana M.
=700  1\$aSchwarz, Patricia K. N.
=852  41$aBritish Library$bHMNTS$jYF.2013.a.24417
=856  41$uhttp://core.cambeiro.com.ar/0-167894-0.pdf
=CAT  \\$a6503$b40$c20130902$lBLL01$h0944
=CAT  \\$a5703$b40$c20131127$lBLL01$h1143
=FIN  \\$aY$d20131127
=FMT  \\$a  BK
=LAS  \\$a5703$b40$c20131127$lBLL01$h1143
=SID  \\$aZ39$bOCLC

