=LDR  01440 am a2200421 a 4500
=001  016487507
=003  Uk
=005  20140704073146.0
=008  120417s2011\\\\ag\a\\\\\b\\\\000\0\spa\d
=020  \\$a9789508438430
=020  \\$a9508438436
=035  \\$a(OCoLC)800333301
=040  \\$aAR-BaFGC$cN15$dOCLCO$dNYP$dOCLCO$dUk
=042  \\$aukblderived
=043  \\$as-ag---
=050  \4$aF2849.2$b.C37 2011
=100  1\$aCastro Sánchez, Eduardo R.$q(Eduardo Rómulo),$d1918-2007.
=245  10$aTraición 66 /$cEduardo R. Castro Sánchez.
=246  3\$aTraición sesenta y seis
=250  \\$a1a ed.
=260  \\$aBuenos Aires :$bVinciguerra,$cc2011.
=300  \\$a195 p. :$bill. ;$c23 cm.
=336  \\$atext$2rdacontent
=337  \\$aunmediated$2rdamedia
=338  \\$avolume$2rdacarrier
=490  0\$aColección Testimonios
=504  \\$aIncludes bibliographical references (p. 193-195).
=600  10$aCastro Sánchez, Eduardo R.$q(Eduardo Rómulo),$d1918-2007.
=651  \0$aArgentina$xHistory$yCoup d'état, 1966$vPersonal narratives.
=651  \0$aArgentina$xPolitics and government$y1955-1983.
=852  41$aBritish Library$bHMNTS$jYF.2014.a.16894
=856  41$uhttp://core.cambeiro.com.ar/0-65359-16.pdf
=CAT  \\$a6503$b40$c20130902$lBLL01$h1117
=CAT  \\$a10904$b40$c20140704$lBLL01$h0731
=FIN  \\$aY$d20140704
=FMT  \\$a  BK
=LAS  \\$a10904$b40$c20140704$lBLL01$h0731
=SID  \\$aZ39$bOCLC

