=LDR  01280 am a2200385 i 4500
=001  016518148
=003  Uk
=005  20150708093553.0
=008  140526s2013\\\\ag\\\\\\\b\\\\000\0\spa\d
=010  \\$a  2014510392
=020  \\$a9789500744263
=035  \\$a(AR-BaFGC)0-123498/24
=040  \\$aAR-BaFGC$beng$cAR-BaFGC$dDLC$dUk$erda
=041  1\$aspa$hita
=042  \\$aukblderived
=043  \\$as-ag---
=050  00$aF2849$b.Z356 2013
=100  1\$aZanatta, Loris,$eauthor.
=240  10$aProiezione esterna del peronismo.$lSpanish
=245  13$aLa internacional justicialista :$bauge y ocaso de los sueños imperiales de Perón /$cLoris Zanatta.
=264  \1$aBuenos Aires :$bSudamericana,$c[2013]
=300  \\$a446 pages ;$c23 cm
=336  \\$atext$2rdacontent
=337  \\$aunmediated$2rdamedia
=338  \\$avolume$2rdacarrier
=504  \\$aIncludes bibliographical references (pages 432-438).
=651  \0$aArgentina$xForeign relations$y1943-1955.
=852  41$aBritish Library$bHMNTS$jYF.2015.a.13353
=856  41$uhttp://core.cambeiro.com.ar/0-123498-24.pdf
=CAT  \\$a11131$b40$c20131011$lBLL01$h1326
=CAT  \\$a11131$b40$c20150708$lBLL01$h0935
=FIN  \\$aY$d20150708
=FMT  \\$a  BK
=LAS  \\$a11131$b40$c20150708$lBLL01$h0935
=SRC  \\$aBLL02

