=LDR  04946 am a22005897i 4500
=001  016518150
=003  Uk
=005  20170313074003.0
=008  140711s2012\\\\ag\a\\\\\b\\\\000\0\spa\d
=010  \\$a  2014510039
=020  \\$a9789871855315
=020  \\$a9871855311
=035  \\$a(OCoLC)890793914
=040  \\$aAR-BaFGC$beng$cDLC$dPIT$dOCLCO$dOCL$dOCLCF$dOCL$dOCLCQ$dUk$erda
=042  \\$aukblderived
=043  \\$acl-----$as-ag---$anc-----
=050  00$aF1413$b.F9 2012
=245  04$aLas fuerzas de guerra en la construcción del estado :$bAmérica Latina, siglo XIX /$cJuan Carlos Garavaglia, Juan Pro Ruiz y Eduardo Zimmermann, editores.
=264  \1$aRosario :$bProhistoria Ediciones ;$a[Barcelona?] :$bState Building in Latin America,$c2012.
=300  \\$a456 pages :$billustrations ;$c23 cm
=336  \\$atext$btxt$2rdacontent
=337  \\$aunmediated$bn$2rdamedia
=338  \\$avolume$bnc$2rdacarrier
=500  \\$aPublished in Rosario, Santa Fe, Argentina.
=504  \\$aIncludes bibliographical references.
=505  0\$aPrólogo / Juan Carlos Garavaglia -- Guerra y Estado en tiempos de construcción nacional : comentarios sobre América Latina en el siglo XIX / Juan Pro Ruiz -- Fuerzas militares para defender al Estado : Guatemala 1823-1863 / Juan Carlos Sarazúa -- El Ejército y la guerra en la formación del Estado Costarricense / Esteban Corella -- De la guerra civil nicaragüense a la guerra antifilibustera centroamericana, 1854-1857 / Víctor Hugo Acuña -- Empréstitos para la guerra, entramados de la acción : República de la Nueva Granada 1839-1842 / Pilar López Bejarano -- Ejército y milicias del Estado ecuatoriano, 1830-1861 : una aproximación a su conformación / Viviana Velasco Herrera -- Ciudadanos en armas : el ejército y la creación del estado, Perú (1821-1861) / Natalia Sobrevilla Perea.
=505  0\$aGuerra, fuerzas militares y construcción estatal en el Río de la Plata, siglo XIX : un comentario / Eduardo Zimmermann -- La máquina de guerra y el Estado : el Ejército de los Andes tras la caída del Estado central del Río de la Plata en 1820 / Alejandro Rabinovich -- La educación militar en Buenos Aires entre 1820 y 1830 / Rodolfo González Lebrero -- Regularizar la guerra, disciplinar la sociedad : una nota sobre el reclutamiento de fuerzas de guerra mercenarias durante la última etapa de la "Guerra Grande" en el Uruguay, 1848-1852 / Mario Etchechury -- Guerra y sociedad en el litoral rioplatense en la primera mitad del siglo XIX / Raúl O. Fradkin -- "Haremos lo posible para asegurar y tranquilizar la frontera" : la defensa de la frontera bonaerense durante la década de 1850 / Silvia Ratto -- Comisarios de campaña en el departamento Rosario : entre ocupaciones públicas e intereses privados (1850-1865) / Evangelina de los Río y Carolina Piazzi -- Fuerzas de guerra y construcción estatal : de la Confederación a la Nación Argentina (1856-1865) / Juan Carlos Garavaglia.
=520  \\$a"Los recursos dedicados a las guerras fueron los más importantes en la fiscalidad de los jóvenes estados nacidos de las independencias hispanoamericanas, y los hombres bajo bandera (en el ejército y la marina, los policías, los guardianes nocturnos de las ciudades, los gendarmes o los guardias aduaneros) representaron la mayoría de los que dependían del estado para su (irregular) sustento ... este libro reúne el estado de los estudios de caso así como el resultado de las discusiones que investigadores y becarios tuvieron sobre la relación entre la guerra y el proceso de construcción estatal en las décadas que siguieron a la Independencia hispanoamericana."--Contratapa.
=648  \7$a1800-1899$2fast
=650  \0$aNation-building$zLatin America$xHistory$y19th century.
=650  \0$aPolitics and war$zLatin America$xHistory$y19th century.
=650  \4$aConstrucción de nación$zAmérica Latina$xHistoria$ySiglo XIX$vCongresos.
=650  \7$aNation-building.$2fast$0(OCoLC)fst01737474
=650  \7$aPolitics and war.$2fast$0(OCoLC)fst01069964
=651  \0$aLatin America$xHistory$y1830-1898.
=651  \0$aArgentina$xHistory$y1817-1860.
=651  \0$aCentral America$xHistory$y19th century.
=651  \7$aArgentina.$2fast$0(OCoLC)fst01205614
=651  \7$aCentral America.$2fast$0(OCoLC)fst01244535
=651  \7$aLatin America.$2fast$0(OCoLC)fst01245945
=655  \7$aHistory.$2fast$0(OCoLC)fst01411628
=700  1\$aGaravaglia, Juan Carlos,$eeditor.
=700  1\$aPro Ruiz, Juan,$d1962-$eeditor.
=700  1\$aZimmermann, Eduardo A.,$eeditor.
=852  41$aBritish Library$bHMNTS$jYF.2017.a.6497
=856  41$uhttp://core.cambeiro.com.ar/0-169887-0.pdf
=CAT  \\$a11131$b40$c20131011$lBLL01$h1328
=CAT  \\$a11131$b40$c20170313$lBLL01$h0740
=FIN  \\$aY$d20170313
=FMT  \\$a  BK
=LAS  \\$a11131$b40$c20170313$lBLL01$h0740
=SID  \\$aZ39$bOCLC

