=LDR  01493 am a22004337i 4500
=001  016518158
=003  Uk
=005  20150707090840.0
=008  130321s2013\\\\ag\a\\\\\b\\\\000\0\spa\d
=020  \\$a9789876282130
=020  \\$a9876282131
=035  \\$a(OCoLC)856427601
=040  \\$aAR-BaFGC$cN15$dOCLCO$dUk$erda
=042  \\$aukblderived
=043  \\$as-ag---$ae-fr---$acl-----
=050  \4$aN6635$b.P53 2013
=100  1\$aPlante, Isabel.
=245  10$aArgentinos de París :$barte y viajes culturales durante los años sesenta /$cIsabel Plante.
=250  \\$afirst edition.
=260  \\$aBuenos Aires :$bEdhasa,$c2013.
=300  \\$a402 pages :$billustrations ;$c23 cm.
=336  \\$atext$2rdacontent
=337  \\$aunmediated$2rdamedia
=338  \\$avolume$2rdacarrier
=490  0\$aColección Historias de arte
=504  \\$aIncludes bibliographical references (pages [357]-389).
=650  \0$aArtists$xTravel$zArgentina$zFrance$zParis.
=650  \0$aArt, Argentine$zFrance$zParis$y20th century.
=651  \0$aLatin America$xRelations$zFrance.
=651  \0$aFrance$xRelations$zLatin America.
=852  41$aBritish Library$bHMNTS$jYF.2015.a.13063
=856  41$uhttp://core.cambeiro.com.ar/0-166958-3.pdf
=CAT  \\$a6503$b40$c20131011$lBLL01$h1338
=CAT  \\$a11131$b40$c20150707$lBLL01$h0908
=CAT  \\$aBATCH-UPD$b40$c20160625$lBLL01$h1715
=FIN  \\$aY$d20150707
=FMT  \\$a  BK
=LAS  \\$aBATCH-UPD$b40$c20160625$lBLL01$h1715
=SID  \\$aZ39$bOCLC

