=LDR  01728 am a2200481 i 4500
=001  016518161
=003  Uk
=005  20150713140505.0
=008  130522s2013\\\\ag\a\\\\\b\\\\000\0\spa\d
=010  \\$a  2012516350
=020  \\$a9789871673841
=020  \\$a9871673841
=035  \\$a(OCoLC)868173270
=040  \\$aAR-BaFGC$beng$cDLC$dFXG$dOCLCF$dUk$erda
=042  \\$aukblderived
=043  \\$as-ag---
=050  00$aPN6710$b.S72 2013
=100  1\$aSteimberg, Oscar.
=245  10$aLeyendo historietas :$btextos sobre relatos visuales y humor gráfico /$cOscar Steimberg.
=250  \\$afirst edition.
=260  \\$aBuenos Aires :$bEterna Cadencia Editora,$c2013.
=300  \\$a382 pages :$billustrations ;$c22 cm.
=336  \\$atext$btxt$2rdacontent
=337  \\$aunmediated$bn$2rdamedia
=338  \\$avolume$bnc$2rdacarrier
=490  1\$aEx libris
=504  \\$aIncludes bibliographical references.
=650  \0$aComic books, strips, etc.$xHistory and criticism.
=650  \0$aComic books, strips, etc.$zArgentina$xHistory and criticism.
=650  \7$aComic books, strips, etc.$2fast$0(OCoLC)fst00869145
=651  \7$aArgentina.$2fast$0(OCoLC)fst01205614
=655  \7$aCriticism, interpretation, etc.$2fast$0(OCoLC)fst01411635
=830  \0$aEx libris (Eterna Cadencia Editora)
=852  41$aBritish Library$bHMNTS$jYF.2015.a.14055
=856  41$uhttp://core.cambeiro.com.ar/0-169409-0.pdf
=CAT  \\$a11131$b40$c20131011$lBLL01$h1339
=CAT  \\$aBATCH-UPD$b40$c20131011$lBLL01$h1339
=CAT  \\$a11131$b40$c20150713$lBLL01$h1405
=CAT  \\$aBATCH-UPD$b40$c20160608$lBLL01$h1844
=FIN  \\$aY$d20150713
=FMT  \\$a  BK
=LAS  \\$aBATCH-UPD$b40$c20160608$lBLL01$h1844
=SID  \\$aZ39$bOCLC

