=LDR  01223 am a2200373 a 4500
=001  016518163
=003  Uk
=005  20140604083216.0
=008  121116s2012\\\\ag\\\\\\\b\\\\000\0\spa\d
=020  \\$a9871505302
=020  \\$a9789871505302
=035  \\$a(OCoLC)832821199
=040  \\$aAR-BaFGC$beng$cN15$dIXA$dUk
=042  \\$aukblderived
=043  \\$as-ag---
=050  \4$aF2829$b.A24 2012
=100  1\$aAcha, Omar,$d1971-
=245  13$aUn revisionismo histórico de izquierda :$by otros ensayos de política intelectual /$cOmar Acha.
=260  \\$aBuenos Aires :$bHerramienta Ediciones,$cc2012.
=300  \\$a206 p. ;$c23 cm.
=336  \\$atext$2rdacontent
=337  \\$aunmediated$2rdamedia
=338  \\$avolume$2rdacarrier
=504  \\$aIncludes bibliographical references (p. 195-206).
=650  \0$aHistoriography$xPolitical aspects$zArgentina.
=651  \0$aArgentina$xHistoriography.
=852  41$aBritish Library$bHMNTS$jYF.2014.a.13225
=856  41$uhttp://core.cambeiro.com.ar/0-167771-0.pdf
=CAT  \\$a6503$b40$c20131011$lBLL01$h1342
=CAT  \\$a11002$b40$c20140604$lBLL01$h0832
=FIN  \\$aY$d20140604
=FMT  \\$a  BK
=LAS  \\$a11002$b40$c20140604$lBLL01$h0832
=SID  \\$aZ39$bOCLC

