=LDR  01533 am a22004217a 4500
=001  016518174
=003  Uk
=005  20140416080211.0
=008  110901s2010\\\\ag\a\\\\\b\\\\000\0\spa\c
=010  \\$a2011438469
=020  \\$a9789871785025
=020  \\$a987178502X
=035  \\$a(OCoLC)764559214
=040  \\$aAR-BaFGC$beng$cN15$dTOZ$dDLC$dUk
=042  \\$aukblderived
=043  \\$as-ag---
=050  \4$aF2821.3.P8$bG66 2010
=100  1\$aGonzález, María Isabel.
=245  10$aDiseños prehispánicos de la alfarería pampeana /$cMaría Isabel González, María Magdalena Frère.
=260  \\$aBuenos Aires :$bEditorial de la Facultad de Filosofía y Letras, Universidad de Buenos Aires,$cc2010.
=300  \\$a182 p. :$bill. (some col.) ;$c21 cm.
=336  \\$atext$2rdacontent
=337  \\$aunmediated$2rdamedia
=338  \\$avolume$2rdacarrier
=504  \\$aIncludes bibliographical references (p. 181).
=650  \0$aIndian pottery$zArgentina$zPampas$xThemes, motives.
=650  \0$aIndians of South America$zArgentina$zPampas$xAntiquities.
=651  \0$aPampas (Argentina)$xAntiquities.
=700  1\$aFrère, María Magdalena.
=852  41$aBritish Library$bHMNTS$jYF.2014.a.9601
=856  41$uhttp://core.cambeiro.com.ar/0-162698-0.pdf
=CAT  \\$a11131$b40$c20131011$lBLL01$h1346
=CAT  \\$aBATCH-UPD$b40$c20131011$lBLL01$h1346
=CAT  \\$a11002$b40$c20140416$lBLL01$h0802
=FIN  \\$aY$d20140416
=FMT  \\$a  BK
=LAS  \\$a11002$b40$c20140416$lBLL01$h0802
=SID  \\$aZ39$bOCLC

