=LDR  01307 am a2200385 a 4500
=001  016518175
=003  Uk
=005  20140130143901.0
=008  120824s2012\\\\ag\\\\\\\b\\\\000\0bspa\d
=020  \\$a9789870425786
=020  \\$a987042578X
=035  \\$a(OCoLC)813226818
=040  \\$aAR-BaFGC$beng$cN15$dOCLCQ$dI5B$dUk
=042  \\$aukblderived
=043  \\$as-ag---
=050  \4$aF2845.B45$bB75 2012
=100  1\$aBrienza, Hernán,$d1971-
=245  10$aÉxodo jujeño :$bla gesta de Manuel Belgrano y un pueblo para construir una nación /$cHernán Brienza.
=250  \\$a1. ed.
=260  \\$aCiudad de Buenos Aires :$bAguilar,$c2012.
=300  \\$a212 pages ;$c24 cm
=336  \\$atext$2rdacontent
=337  \\$aunmediated$2rdamedia
=338  \\$avolume$2rdacarrier
=504  \\$aIncludes bibliographical references (p. 207-212).
=600  10$aBelgrano, Manuel,$d1770-1820$xMilitary leadership.
=651  \0$aArgentina$xHistory$yWar of Independence, 1810-1817$xCampaigns.
=852  41$aBritish Library$bHMNTS$jYF.2014.a.3075
=856  41$uhttp://core.cambeiro.com.ar/0-166894-0.pdf
=CAT  \\$a6503$b40$c20131011$lBLL01$h1346
=CAT  \\$a5703$b40$c20140130$lBLL01$h1439
=FIN  \\$aY$d20140130
=FMT  \\$a  BK
=LAS  \\$a5703$b40$c20140130$lBLL01$h1439
=SID  \\$aZ39$bOCLC

