=LDR  01654 am a22004577a 4500
=001  016518180
=003  Uk
=005  20150713122008.0
=008  120918s2012\\\\ag\a\\\\\b\\\\001\0\spa\d
=020  \\$a9789876910095
=020  \\$a9876910094
=035  \\$a(OCoLC)818843599
=040  \\$aAR-BaFGC$cN15$dOCLCO$dI5B$dCGU$dUk
=042  \\$aukblderived
=043  \\$as-ag---
=050  \4$aF2849.2$b.V53 2012
=245  03$aLa vida es Perón :$bhistoria del Encuadramiento de la Juventud Peronista /$cCarlos Gianella, coordinador ; Susana Shanahan, Alfredo Mason.
=260  \\$aBuenos Aires :$bEditorial Biblos,$cc2012.
=300  \\$a281 p. :$bill. ;$c23 cm.
=336  \\$atext$2rdacontent
=337  \\$aunmediated$2rdamedia
=338  \\$avolume$2rdacarrier
=490  1\$aLa Argentina contemporánea
=504  \\$aIncludes bibliographical references (p. 259-269) and index.
=610  20$aEncuadramiento (Organization : Argentina)$xHistory.
=610  20$aJuventud Peronista (Organization : Argentina)$xHistory.
=650  \0$aYouth$xPolitical activity$zArgentina$xHistory$y20th century.
=650  \0$aPeronism.
=651  \0$aArgentina$xPolitics and government$y1955-1983.
=700  1\$aGianella, Carlos D.
=700  1\$aShanahan, Susana.
=700  1\$aMason, Alfredo.
=830  \0$aColección Argentina contemporánea.
=852  41$aBritish Library$bHMNTS$jYF.2015.a.13635
=856  41$uhttp://core.cambeiro.com.ar/0-162629-3.pdf
=CAT  \\$a6503$b40$c20131011$lBLL01$h1350
=CAT  \\$a11002$b40$c20150713$lBLL01$h1220
=FIN  \\$aY$d20150713
=FMT  \\$a  BK
=LAS  \\$a11002$b40$c20150713$lBLL01$h1220
=SID  \\$aZ39$bOCLC

