=LDR  01346 am a2200385 i 4500
=001  016518187
=003  Uk
=005  20140806071709.0
=008  120904s2012\\\\ag\\\\\\\b\\\\000\0\spa\d
=020  \\$a9789876143707
=020  \\$a9876143700
=035  \\$a(OCoLC)813226891
=040  \\$aAR-BaFGC$beng$cN15$dOCLCQ$dI5B$dKKU$dYDXCP$dOCLCQ$dUk$erda
=042  \\$aukblderived
=043  \\$acl-----
=050  \4$aHX11.I5$bP43 2012
=100  1\$aPedrosa, Fernando.
=245  13$aLa otra izquierda :$bla socialdemocracia en América Latina /$cFernando Pedrosa.
=264  \1$aBuenos Aires :$bCapital Intelectual,$c[2012]
=300  \\$a482 pages ;$c23 cm
=336  \\$atext$btxt$2rdacontent
=337  \\$aunmediated$bn$2rdamedia
=338  \\$avolume$bnc$2rdacarrier
=500  \\$aOriginally presented as the author's thesis (doctoral)--Universidad de Salamanca.
=504  \\$aIncludes bibliographical references (pages 465-482).
=650  \0$aSocialist parties$zLatin America$xHistory.
=650  \0$aSocialism$zLatin America.
=852  41$aBritish Library$bHMNTS$jYF.2014.a.17881
=856  41$uhttp://core.cambeiro.com.ar/0-166789-0.pdf
=CAT  \\$a6503$b40$c20131011$lBLL01$h1357
=CAT  \\$a11131$b40$c20140806$lBLL01$h0717
=FIN  \\$aY$d20140806
=FMT  \\$a  BK
=LAS  \\$a11131$b40$c20140806$lBLL01$h0717
=SID  \\$aZ39$bOCLC

