=LDR  01638 am a2200433 a 4500
=001  016518301
=003  Uk
=005  20140604072601.0
=008  120821s2012\\\\ag\\\\\\\\\\\\000\0\spa\d
=020  \\$a9789871185498
=020  \\$a9871185499
=035  \\$a(OCoLC)819533654
=040  \\$aAR-78FGC$cN15$dOCLCO$dHLS$dOCLCO$dUk
=042  \\$aukblderived
=050  \4$aPQ7798.36.I8$bD53 2012
=100  1\$aZito Lema, Vicente.
=245  10$aDiálogos :$bencuentros con Jacob Fijman, Enrique Pichon Riviére, Fernando Ulloa, León Rozitchner :y otras travesías por la belleza, las verdades de la época y los delirios /$cVicente Zito Lema.
=260  \\$aCapital Federal [i.e. Buenos Aires] :$bTopía Editorial,$c2012.
=300  \\$a185 p. ;$c22 cm.
=336  \\$atext$2rdacontent
=337  \\$aunmediated$2rdamedia
=338  \\$avolume$2rdacarrier
=490  1\$aColección Psicoanálisis, sociedad y cultura ;$v29
=600  10$aFijman, Jacobo,$d1898-1970$vInterviews.
=600  10$aCepeda Ulloa, Fernando$vInterviews.
=600  10$aPichon Rivière, Enrique$vInterviews.
=600  10$aRozitchner, León$vInterviews.
=650  \0$aArgentines$vInterviews.
=650  \0$aPoetry.
=830  \0$aColección Psicoanálisis, sociedad y cultura ;$v29.
=852  41$aBritish Library$bHMNTS$jYF.2014.a.13269
=856  41$uhttp://core.cambeiro.com.ar/0-61100-9.pdf
=CAT  \\$a6503$b40$c20131011$lBLL01$h1640
=CAT  \\$a11002$b40$c20140604$lBLL01$h0726
=CAT  \\$aBATCH-UPD$b40$c20141212$lBLL01$h0701
=FIN  \\$aY$d20140604
=FMT  \\$a  BK
=LAS  \\$aBATCH-UPD$b40$c20141212$lBLL01$h0701
=SID  \\$aZ39$bOCLC

