=LDR  01048 am a2200361 i 4500
=001  016519957
=003  Uk
=005  20140704074338.0
=008  130214s2012\\\\ag\\\\\\\\\\\\000\0\spa\\
=010  \\$a  2012507325
=020  \\$a9789508438720
=020  \\$a950843872X
=040  \\$aDLC$beng$cDLC$dUk$erda
=042  \\$aukblcatcopy
=050  00$aPQ7797.V4225$bR86 2012
=100  1\$aVera Ocampo, Raúl.
=245  10$aRumores clandestinos /$cRaúl Vera Ocampo.
=250  \\$a1a edición.
=264  \1$aBuenos Aires :$bVinciguerra,$c2012.
=300  \\$a99 pages ;$c21 cm.
=336  \\$atext$2rdacontent
=337  \\$aunmediated$2rdamedia
=338  \\$avolume$2rdacarrier
=490  0\$aTextos elegidos ;$v3
=500  \\$aPoems.
=852  41$aBritish Library$bHMNTS$jYF.2014.a.16896
=856  41$uhttp://core.cambeiro.com.ar/0-166773-1.pdf
=CAT  \\$a6503$b40$c20131015$lBLL01$h1238
=CAT  \\$a10904$b40$c20140704$lBLL01$h0743
=FIN  \\$aY$d20140704
=FMT  \\$a  BK
=LAS  \\$a10904$b40$c20140704$lBLL01$h0743
=SRC  \\$aBLL02

