=LDR  01354 am a2200385 a 4500
=001  016520024
=003  Uk
=005  20140603171438.0
=008  120717s2012\\\\ag\\\\\\\b\\\\000\0\spa\d
=020  \\$a9789872493080
=020  \\$a9872493081
=035  \\$a(OCoLC)811124276
=040  \\$aAR-BaFGC$cN15$dPIT$dUk
=042  \\$aukblderived
=043  \\$acl-----
=050  \4$aHE8697.75.L29$bP85 2012
=100  1\$aPulleiro, Adrián.
=245  13$aLa radio alternativa en América Latina :$bexperiencias y debates desde los orígenes hasta el siglo XXI /$cAdrián Pulleiro.
=260  \\$a[Buenos Aires] :$bCooperativa Gráfica El Río Suena,$c[2012]
=300  \\$a177 p. ;$c20 cm.
=336  \\$atext$2rdacontent
=337  \\$aunmediated$2rdamedia
=338  \\$avolume$2rdacarrier
=490  1\$aColección Artillería del pensamiento
=504  \\$aIncludes bibliographical references (p. 173-177).
=650  \0$aAlternative radio broadcasting$zLatin America$xHistory.
=830  \0$aColección Artillería del pensamiento.
=852  41$aBritish Library$bHMNTS$jYF.2014.a.13219
=856  41$uhttp://core.cambeiro.com.ar/0-165909-2.pdf
=CAT  \\$a6503$b40$c20131015$lBLL01$h1358
=CAT  \\$a11002$b40$c20140603$lBLL01$h1714
=FIN  \\$aY$d20140603
=FMT  \\$a  BK
=LAS  \\$a11002$b40$c20140603$lBLL01$h1714
=SID  \\$aZ39$bOCLC

