=LDR  02894 am a2200481 i 4500
=001  016520042
=003  Uk
=005  20140130161039.0
=008  120827t20122012ag\a\\\\\b\\\\000\0\spa\c
=020  \\$a9789871599929
=020  \\$a9871599927
=035  \\$a(OCoLC)812455032
=040  \\$aAR-BaFGC$beng$cN15$dOCLCO$dTOZ$dUk$erda
=042  \\$aukblderived
=043  \\$as-ag---
=050  \4$aGV1472.3.A7$bF54 2012
=245  03$aLa fiesta y la vida :$bestudio desde una sociología de las prácticas intersticiales /$cAdrián Scribano, Graciela Magallanes y María Eugenia Boito, compiladores.
=264  \1$a[Buenos Aires?] :$bEdiciones CICCUS,$c[2012]
=264  \4$c©2012
=300  \\$a244 pages :$billustrations ;$c23 cm
=336  \\$atext$btxt$2rdacontent
=337  \\$aunmediated$bn$2rdamedia
=338  \\$avolume$bnc$2rdacarrier
=504  \\$aIncludes bibliographical references.
=505  00$tFiesta y amor /$rAdrián Scribano y Eugenia Boito --$tDisfrute, práctica intersticial y gasto festivo /$rGraciela Magallanes --$tGasto festivo y temporalidad : la felicidad en un presente que descoloniza el futuro /$rGabriela Vergara --$tFiesta y expresiones creativas en distintos sectores sociales de Villa María /$rClaudia Gandía --$tExperiencias festivas : una recuperación teórico-metodológica /$rAdrián Scribanoy y Eugenia Boito --$tTecnologías de captación de la expresividad : la fotografía en el registro de la festividad y sus vinculaciones en la ciudad de Villa María /$rRebeca Cena --$tPrácticas intersticiales y acción colectiva : algunas lecturas sobre lo festivo en contextos de protesta social /$rLucas Aimar --$tMúsica y gasto festivo : un acercamiento exploratorio /$rFederico Díaz Llorente --$tComida, goce y gasto festivo /$rMartín Eynard --$tLa fiesta como práctica intersticial : huellas teóricas /$rAdrián Scribano.
=650  \0$aParties$zArgentina$zVilla María (Córdoba)$xPsychological aspects.
=650  \0$aParties$xSocial aspects$zArgentina$zVilla María (Córdoba)
=650  \0$aParties$xEconomic aspects$zArgentina$zVilla María (Córdoba)
=651  \0$aVilla María (Córdoba, Argentina)$xSocial life and customs.
=651  \0$aCórdoba (Argentina : Province)$xSocial life and customs.
=700  1\$aScribano, Adrián,$eeditor of compilation.
=700  1\$aMagallanes, Graciela,$eeditor of compilation.
=700  1\$aBoito, María Eugenia,$eeditor of compilation.
=852  41$aBritish Library$bHMNTS$jYF.2014.a.3012
=856  41$uhttp://core.cambeiro.com.ar/0-166968-0.pdf
=CAT  \\$a6503$b40$c20131015$lBLL01$h1411
=CAT  \\$aBATCH-UPD$b40$c20140109$lBLL01$h2047
=CAT  \\$a5703$b40$c20140130$lBLL01$h1610
=CAT  \\$aBATCH-UPD$b40$c20151202$lBLL01$h0718
=FIN  \\$aY$d20140130
=FMT  \\$a  BK
=LAS  \\$aBATCH-UPD$b40$c20151202$lBLL01$h0718
=SID  \\$aZ39$bOCLC

