=LDR  01519 am a2200421 i 4500
=001  016520058
=003  Uk
=005  20150707142314.0
=008  121129s2012\\\\ag\a\\\\\b\\\\000\0\spa\d
=020  \\$a9789876910071
=020  \\$a9876910078
=035  \\$a(OCoLC)832820844
=040  \\$aAR-BaFGC$cN15$dOCLCO$dUk$erda
=042  \\$aukblderived
=043  \\$as-ag---
=050  \4$aHC180.I55$bS26 2012
=100  1\$aSandoval, Luis Ricardo.
=245  10$aTecnología, comunicación y ciudadanía :$busos políticos de Internet y las TIC en la Argentina reciente : 1997-2009 /$cLuis Ricardo Sandoval.
=260  \\$aBuenos Aires :$bEditorial Biblos,$c2012.
=300  \\$a147 pages :$billustrations ;$c20 cm.
=336  \\$atext$2rdacontent
=337  \\$aunmediated$2rdamedia
=338  \\$avolume$2rdacarrier
=490  0\$aTesis
=504  \\$aIncludes bibliographical references (pages 139-147).
=650  \0$aInformation technology$xGovernment policy$zArgentina.
=650  \0$aInternet$xGovernment policy$zArgentina.
=650  \0$aInformation technology$xSocial aspects$zArgentina.
=650  \0$aInternet$xSocial aspects$zArgentina.
=852  41$aBritish Library$bHMNTS$jYF.2015.a.13089
=856  41$uhttp://core.cambeiro.com.ar/0-161970-8.pdf
=CAT  \\$a6503$b40$c20131015$lBLL01$h1424
=CAT  \\$a11131$b40$c20150707$lBLL01$h1423
=CAT  \\$aBATCH-UPD$b40$c20160928$lBLL01$h1712
=FIN  \\$aY$d20150707
=FMT  \\$a  BK
=LAS  \\$aBATCH-UPD$b40$c20160928$lBLL01$h1712
=SID  \\$aZ39$bOCLC

