=LDR  01875 am a2200445 a 4500
=001  016520082
=003  Uk
=005  20140131113438.0
=008  130115s2012\\\\ag\ab\\\\b\\\f000\0\spa\d
=020  \\$a9789876301459
=020  \\$a9876301454
=035  \\$a(OCoLC)852954850
=040  \\$aAR-BaFGC$cN15$dCGU$dNYP$dOCLCO$dUk
=042  \\$aukblderived
=043  \\$as-ag---
=050  \4$aHD7321.B84$bC66 2012
=245  00$aConstruyendo barrios :$btransformaciones socioterritoriales a partir de los Programas Federales de Vivienda en el Área Metropolitana de Buenos Aires (2004-2009) /$cMaría Cristina Cravino (org.) ; [autores, Soledad Arenaza ... et al.].
=250  \\$a1a. ed.
=260  \\$aCiudad Autónoma de Buenos Aires :$bEdiciones CICCUS ;$aLos Polvorines, Provincia de Buenos Aires, Argentina :$bUniversidad Nacional de General Sarmiento,$c2012.
=300  \\$a400 pages :$billustrations, maps ;$c22 cm.
=336  \\$atext$2rdacontent
=337  \\$aunmediated$2rdamedia
=338  \\$avolume$2rdacarrier
=490  1\$aColección Cuestiones metropolitanas
=504  \\$aIncludes bibliographical references.
=650  \0$aHousing policy$zArgentina$zBuenos Aires Metropolitan Area.
=650  \0$aLow-income housing$zArgentina$zBuenos Aires Metropolitan Area.
=650  \0$aUrban renewal$zArgentina$zBuenos Aires Metropolitan Area.
=700  1\$aCravino, María Cristina.
=830  \0$aColección Cuestiones metropolitanas.
=852  41$aBritish Library$bHMNTS$jYF.2014.a.3059
=856  41$uhttp://core.cambeiro.com.ar/0-164811-13.pdf
=CAT  \\$a6503$b40$c20131015$lBLL01$h1438
=CAT  \\$a5703$b40$c20140131$lBLL01$h1134
=CAT  \\$aBATCH-UPD$b40$c20180106$lBLL01$h1736
=CAT  \\$aBATCH-UPD$b40$c20180107$lBLL01$h2047
=FIN  \\$aY$d20140131
=FMT  \\$a  BK
=LAS  \\$aBATCH-UPD$b40$c20180107$lBLL01$h2047
=SID  \\$aZ39$bOCLC

