=LDR  01982 am a2200517 a 4500
=001  016522033
=003  Uk
=005  20140702144140.0
=008  120831s2012\\\\ag\a\\\\\b\\\f000\0\spa\d
=020  \\$a9871432909
=020  \\$a9789871432905
=035  \\$a(OCoLC)819533645
=040  \\$aAR-BaFGC$beng$cN15$dOCLCO$dIXA$dPIT$dUk
=042  \\$aukblderived
=043  \\$acl-----
=050  \4$aHV6322.3.L29$bH57 2012
=245  00$aHistorias desaparecidas :$barqueología, memoria y violencia política /$cAndrés Zarankin, Melisa A. Salerno, María Celeste Perosino (comp.).
=250  \\$a1o ed.
=260  \\$aCórdoba, Argentina :$bEncuentro Grupo Editor ;$a[Catamarca, Argentina] :$bFacultad de Humanidades, Universidad Nacional de Catamarca,$cc2012.
=300  \\$a226 p. :$bill. ;$c24 cm.
=336  \\$atext$2rdacontent
=337  \\$aunmediated$2rdamedia
=338  \\$avolume$2rdacarrier
=490  1\$aContextos humanos
=490  1\$aSerie intercultura : memoria y patrimonio ;$v7
=500  \\$a"11" --spine.
=504  \\$aIncludes bibliographical references.
=650  \0$aState-sponsored terrorism$zLatin America$xHistory$y20th century.
=650  \0$aDisappeared persons$zLatin America$xHistory$y20th century.
=650  \0$aArchaeology and history$zLatin America.
=650  \0$aCollective memory$zLatin America.
=700  1\$aZarankin, Andrés.
=700  1\$aSalerno, Melisa A.
=700  1\$aPerosino, María Celeste.
=830  \0$aInter/cultura, memoria y patrimonio ;$v7.
=830  \0$aColección Contextos humanos.
=852  41$aBritish Library$bHMNTS$jYF.2014.a.15488
=856  41$uhttp://core.cambeiro.com.ar/0-155159-5.pdf
=CAT  \\$a6503$b40$c20131016$lBLL01$h0921
=CAT  \\$a11131$b40$c20140702$lBLL01$h1441
=CAT  \\$aBATCH-UPD$b40$c20151116$lBLL01$h0430
=CAT  \\$aBATCH-UPD$b40$c20191128$lBLL01$h2100
=FIN  \\$aY$d20140702
=FMT  \\$a  BK
=LAS  \\$aBATCH-UPD$b40$c20191128$lBLL01$h2100
=SID  \\$aZ39$bOCLC

