=LDR  01338 am a22003737i 4500
=001  016543400
=003  Uk
=005  20150515120242.0
=008  120615s2012\\\\ag\b\\\\\b\\\\000\0\spa\d
=010  \\$a  2012377643
=020  \\$a9789871620760 (paperback)
=035  \\$a(AR-BaFGC)0-165981/0
=040  \\$aAR-BaFGC$cAR-BaFGC$dDLC$dUk$erda
=042  \\$aukblderived
=043  \\$as------
=050  00$aPM5008$b.R44 2012
=100  1\$aRegúnaga, María Alejandra.
=245  10$aTipología del género en lenguas indígenas de América del Sur /$cMaría Alejandra Regúnaga.
=264  \1$aBahía Blanca, Argentina :$bEditorial de la Universidad Nacional del Sur,$c2012.
=300  \\$a244 pages :$bmaps ;$c25 cm
=336  \\$atext$2rdacontent
=337  \\$aunmediated$2rdamedia
=338  \\$avolume$2rdacarrier
=504  \\$aIncludes bibliographical references (pages 229-244).
=650  \0$aIndians of South America$xLanguages$xGender.
=650  \0$aIndians of South America$xLanguages$xGrammar, Comparative.
=852  41$aBritish Library$bHMNTS$jYF.2015.a.9668
=856  41$uhttp://core.cambeiro.com.ar/0-165981-0.pdf
=CAT  \\$a3563$b40$c20131114$lBLL01$h1114
=CAT  \\$a11131$b40$c20150515$lBLL01$h1202
=FIN  \\$aY$d20150515
=FMT  \\$a  BK
=LAS  \\$a11131$b40$c20150515$lBLL01$h1202
=SID  \\$aZ39$bLOC

