=LDR  01478 am a22004333i 4500
=001  016563210
=003  Uk
=005  20150813154747.0
=008  131122s2013\\\\ag\\\\\\\b\\\\001\0\spa\d
=010  \\$a  2012516286
=020  \\$a9789505579952
=035  \\$a(AR-BaFGC)0-4971/31
=040  \\$aAR-BaFGC$cAR-BaFGC$dDLC$dUk$erda
=042  \\$aukblcatcopy
=043  \\$as-ag---
=050  00$aHC175$b.R363 2013
=100  1\$aRapoport, Mario,$eauthor.
=245  10$aEn el ojo de la tormenta :$bla economía política argentina y mundial frente a la crisis /$cMario Rapoport.
=264  \1$aBuenos Aires, Argentina :$bFondo de Cultura Económica,$c[2013]
=300  \\$a473 pages ;$c23 cm.
=336  \\$atext$2rdacontent
=337  \\$aunmediated$2rdamedia
=338  \\$avolume$2rdacarrier
=490  0\$aSección de obras de economía
=504  \\$aIncludes bibliographical references and index.
=650  \0$aCapitalism.
=650  \0$aEconomic history.
=651  \0$aArgentina$xEconomic conditions$y1918-
=651  \0$aArgentina$xEconomic policy.
=852  41$aBritish Library$bHMNTS$jYF.2015.a.16504
=856  41$uhttp://core.cambeiro.com.ar/0-4971-31.pdf
=CAT  \\$a6503$b40$c20131209$lBLL01$h1136
=CAT  \\$aBATCH-UPD$b40$c20141211$lBLL01$h1500
=CAT  \\$a5703$b40$c20150813$lBLL01$h1547
=CAT  \\$aBATCH-UPD$b40$c20160228$lBLL01$h2055
=FIN  \\$aY$d20150813
=FMT  \\$a  BK
=LAS  \\$aBATCH-UPD$b40$c20160228$lBLL01$h2055
=SRC  \\$aBLL02

