=LDR  01476 am a2200409 i 4500
=001  016563413
=003  Uk
=005  20150813115619.0
=008  131029s2013\\\\ag\\\\\\\b\\\\000\0dspa\d
=010  \\$a  2012516227
=020  \\$a9789870266341
=035  \\$a(AR-BaFGC)0-170674/0
=040  \\$aAR-BaFGC$cAR-BaFGC$dDLC$dUk$erda
=042  \\$aukblcatcopy
=043  \\$as-ag---
=050  00$aHD1333.A7$bT73 2013
=100  1\$aTranchini, Elina Mercedes,$eauthor.
=245  10$aGranja y arado :$bspenglerianos y fascistas en la Pampa, 1910-1940 /$cElina Tranchini.
=264  \1$aBuenos Aires :$bEditorial Dunken,$c2013.
=300  \\$a555 pages ;$c23 cm
=336  \\$atext$2rdacontent
=337  \\$aunmediated$2rdamedia
=338  \\$avolume$2rdacarrier
=500  \\$aRevision of the author's thesis (doctoral)--Universidad Nacional de La Plata, Argentina, 2006.
=504  \\$aIncludes bibliographical references (pages 491-555).
=650  \0$aLand reform$zArgentina$xHistory$y20th century.
=650  \0$aIntellectuals$zArgentina$xHistory$y20th century.
=650  \0$aFascism$zArgentina$xHistory.
=650  \0$aNationalism$zArgentina$xHistory$y20th century.
=852  41$aBritish Library$bHMNTS$jYF.2015.a.16359
=856  41$uhttp://core.cambeiro.com.ar/0-170674-0.pdf
=CAT  \\$a6503$b40$c20131209$lBLL01$h1202
=CAT  \\$a5703$b40$c20150813$lBLL01$h1156
=FIN  \\$aY$d20150813
=FMT  \\$a  BK
=LAS  \\$a5703$b40$c20150813$lBLL01$h1156
=SRC  \\$aBLL02

