=LDR  01500 am a2200433 i 4500
=001  016563423
=003  Uk
=005  20150813151736.0
=008  140225s2013\\\\ag\\\\\\\b\\\\000\0bspa\d
=010  \\$a  2012516309
=020  \\$a9789871877447
=035  \\$a(AR-BaFGC)0-166633/11
=040  \\$aAR-BaFGC$cAR-BaFGC$dDLC$dUk$erda
=042  \\$aukblcatcopy
=043  \\$as-ag---
=050  00$aF2849.22.M46$bR38 2013
=100  1\$aRatti, Camilo,$eauthor.
=245  10$aCachorro :$bvida y muertes de Luciano Benjamín Menéndez /$cCamilo Ratti.
=264  \1$a[Córdoba?, Argentina] :$bRaíz de Dos,$c[2013]
=300  \\$a591 pages ;$c22 cm.
=336  \\$atext$2rdacontent
=337  \\$aunmediated$2rdamedia
=338  \\$avolume$2rdacarrier
=490  0\$aNarrativa argentina
=504  \\$aIncludes bibliographical references (pages 587-589).
=600  10$aMenéndez, Luciano Benjamín.
=650  \0$aState-sponsored terrorism$zArgentina$xHistory$y20th century.
=650  \0$aGenerals$zArgentina$vBiography.
=651  \0$aArgentina$xHistory$yDirty War, 1976-1983.
=852  41$aBritish Library$bHMNTS$jYF.2015.a.16457
=856  41$uhttp://core.cambeiro.com.ar/0-166633-11.pdf
=CAT  \\$a6503$b40$c20131209$lBLL01$h1210
=CAT  \\$aBATCH-UPD$b40$c20140802$lBLL01$h1755
=CAT  \\$a5703$b40$c20150813$lBLL01$h1517
=CAT  \\$aBATCH-UPD$b40$c20160330$lBLL01$h1628
=FIN  \\$aY$d20150813
=FMT  \\$a  BK
=LAS  \\$aBATCH-UPD$b40$c20160330$lBLL01$h1628
=SRC  \\$aBLL02

