=LDR  01453 am a22004097a 4500
=001  016563449
=003  Uk
=005  20150827131945.0
=008  131114s2013\\\\ag\a\\\\\b\\\f000\0\spa\d
=020  \\$a9789876930192
=020  \\$a9876930192
=035  \\$a(OCoLC)869783179
=040  \\$aEYM$beng$cEYM$dIQU$dDGU$dUk
=042  \\$aukblderived
=043  \\$as-ag---
=050  \4$aHD9696.2.A74$bF385 2013
=100  1\$aAlto, Bruno Pedro De,$eauthor.
=245  10$aAutonomía tecnológica :$bla audacia de la División Electrónica de Fate /$cBruno Pedro De Alto.
=250  \\$aPrimera edición.
=264  \1$aCABA [Buenos Aires] :$bEdiciones CICCUS,$c2013.
=300  \\$a267 pages :$billustrations ;$c23 cm
=336  \\$atext$2rdacontent
=337  \\$aunmediated$2rdamedia
=338  \\$avolume$2rdacarrier
=504  \\$aIncludes bibliographical references (pages 257-264).
=610  20$aFate (Firm).$bDivisión Electrónica$xHistory.
=650  \0$aComputer industry$zArgentina$xHistory$y20th century.
=650  \0$aComputer science$zArgentina$xHistory$y20th century.
=852  41$aBritish Library$bHMNTS$jYF.2015.a.17643
=856  42$uhttp://core.cambeiro.com.ar/0-169933-0.pdf
=CAT  \\$a6503$b40$c20131209$lBLL01$h1227
=CAT  \\$aBATCH-UPD$b40$c20140714$lBLL01$h2041
=CAT  \\$a10904$b40$c20150827$lBLL01$h1319
=FIN  \\$aY$d20150827
=FMT  \\$a  BK
=LAS  \\$a10904$b40$c20150827$lBLL01$h1319
=SID  \\$aZ39$bOCLC

