=LDR  01416 am a2200397 a 4500
=001  016563503
=003  Uk
=005  20140416095248.0
=008  120606s2011\\\\ag\a\\\\\b\\\\000\0\spa\d
=020  \\$a9789871855032
=020  \\$a9871855036
=035  \\$a(OCoLC)805394183
=040  \\$aAR-BaFGC$cN15$dOCLCO$dCGU$dUk
=042  \\$aukblderived
=043  \\$as-ag---
=050  \4$aHD9325.A73$bB84 2011
=100  1\$aCarrera, Julián.
=245  10$aAlgo más que mercachifles :$bpulperos y pulperías en la campaña bonaerense : 1770-1820 /$cJulián Carrera.
=260  \\$aRosario [Argentina] :$bProhistoria Ediciones,$c2011.
=300  \\$a232 p. :$bill. ;$c23 cm.
=336  \\$atext$2rdacontent
=337  \\$aunmediated$2rdamedia
=338  \\$avolume$2rdacarrier
=490  1\$aColección Historia argentina ;$v15
=504  \\$aIncludes bibliographical references.
=650  \0$aGrocery trade$zArgentina$zBuenos Aires (Province)$xHistory.
=650  \0$aGrocers$zArgentina$zBuenos Aires (Province)$xHistory.
=830  \0$aColección Historia Argentina (Prohistoria Ediciones) ;$v15.
=852  41$aBritish Library$bHMNTS$jYF.2014.a.9595
=856  41$uhttp://core.cambeiro.com.ar/0-154500-17.pdf
=CAT  \\$a6503$b40$c20131209$lBLL01$h1411
=CAT  \\$a11002$b40$c20140416$lBLL01$h0952
=FIN  \\$aY$d20140416
=FMT  \\$a  BK
=LAS  \\$a11002$b40$c20140416$lBLL01$h0952
=SID  \\$aZ39$bOCLC

