=LDR  01352 am a2200397 a 4500
=001  016563511
=003  Uk
=005  20140416075454.0
=008  121122s2012\\\\ag\\\\\\\b\\\\000\0\spa\d
=020  \\$a9789876910224
=020  \\$a9876910221
=035  \\$a(OCoLC)832819926
=040  \\$aAR-BaFGC$cN15$dOCLCO$dCGU$dUk
=042  \\$aukblderived
=043  \\$as-ag---
=050  \4$aPN5009.B84$bP84 2012
=100  1\$aLida, Miranda.
=245  13$aLa rotativa de Dios :$bprensa católica y sociedad en Buenos Aires : El Pueblo : 1900-1960 /$cMiranda Lida.
=260  \\$aBuenos Aires :$bEditorial Biblos,$cc2012.
=300  \\$a182 p. ;$c23 cm.
=336  \\$atext$2rdacontent
=337  \\$aunmediated$2rdamedia
=338  \\$avolume$2rdacarrier
=490  1\$aLa Argentina contemporánea
=504  \\$aIncludes bibliographical references (p. 179-182).
=630  00$aPueblo (Buenos Aires, Argentina)
=650  \0$aCatholic press$zArgentina$zBuenos Aires$xHistory$y20th century.
=830  \0$aColección Argentina contemporánea.
=852  41$aBritish Library$bHMNTS$jYF.2014.a.9594
=856  41$uhttp://core.cambeiro.com.ar/0-162629-5.pdf
=CAT  \\$a6503$b40$c20131209$lBLL01$h1417
=CAT  \\$a11002$b40$c20140416$lBLL01$h0754
=FIN  \\$aY$d20140416
=FMT  \\$a  BK
=LAS  \\$a11002$b40$c20140416$lBLL01$h0754
=SID  \\$aZ39$bOCLC

