=LDR  01724 am a2200445 i 4500
=001  016563513
=003  Uk
=005  20150814115758.0
=008  121129t20122012ag\a\\\\\bm\\\000\0\spa\d
=020  \\$a9789876910293
=020  \\$a9876910299
=035  \\$a(OCoLC)845245525
=040  \\$aAR-BaFGC$beng$cN15$dCGU$dOCLCO$dIUL$dUk$erda
=042  \\$aukblderived
=043  \\$as-ag---
=050  \4$aHQ590.15.M37$bP47 2012
=100  1\$aPérez, Inés,$eauthor.
=245  13$aEl hogar tecnificado :$bfamilias, género y vida cotidiana, 1940-1970 /$cInés Pérez.
=264  \1$aBuenos Aires :$bEditorial Biblos,$c[2012]
=264  \4$c©2012
=300  \\$a248 pages :$billustrations ;$c23 cm.
=336  \\$atext$btxt$2rdacontent
=337  \\$aunmediated$bn$2rdamedia
=338  \\$avolume$bnc$2rdacarrier
=490  1\$aLa Argentina contemporánea
=500  \\$aThesis (doctoral)--Universidad Nacional de Quilmes, 2011.
=504  \\$aIncludes bibliographical references (pages. 223-248).
=650  \0$aFamilies$zArgentina$zMar del Plata$xHistory$y20th century.
=650  \0$aTechnological innovations$xSocial aspects$zArgentina$zMar del Plata$xHistory$y20th century.
=650  \0$aHousewives$zArgentina$zMar del Plata$xEffects of technological innovations on$xHistory$y20th century.
=830  \0$aColección Argentina contemporánea.
=852  41$aBritish Library$bHMNTS$jYF.2015.a.16609
=856  41$uhttp://core.cambeiro.com.ar/0-162629-4.pdf
=CAT  \\$a6503$b40$c20131209$lBLL01$h1419
=CAT  \\$a11131$b40$c20150814$lBLL01$h1157
=CAT  \\$aBATCH-UPD$b40$c20151202$lBLL01$h0734
=FIN  \\$aY$d20150814
=FMT  \\$a  BK
=LAS  \\$aBATCH-UPD$b40$c20151202$lBLL01$h0734
=SID  \\$aZ39$bOCLC

