=LDR  01550 am a2200409 a 4500
=001  016563524
=003  Uk
=005  20140416082723.0
=008  120903s2012\\\\ag\\\\\\\b\\\\000\0\spa\d
=020  \\$a9789871855209
=020  \\$a9871855206
=035  \\$a(OCoLC)812455028
=040  \\$aAR-BaFGC$cN15$dOCLCO$dUk
=042  \\$aukblderived
=043  \\$as-ag---
=050  \4$aRC451.A72$bB84 2012
=100  1\$aPita, Valeria Silvina.
=245  13$aLa casa de las locas :$buna historia social del Hospital de Mujeres Dementes, Buenos Aires, 1852-1890 /$cValeria Silvina Pita.
=260  \\$aRosario [Argentina] :$bProhistoria Ediciones,$c[2012]
=300  \\$a219 p. ;$c23 cm.
=336  \\$atext$2rdacontent
=337  \\$aunmediated$2rdamedia
=338  \\$avolume$2rdacarrier
=490  0\$aColección Historia argentina ;$v17
=504  \\$aIncludes bibliographical references (p. [215]-219).
=610  20$aHospital de Mujeres Dementes (Buenos Aires, Argentina)
=610  20$aSociedad de Beneficencia de la Capital (Argentina)$xHistory$y19th century.
=650  \0$aPsychiatric hospitals$zArgentina$zBuenos Aires$xHistory$y19th century.
=650  \0$aWomen in charitable work$zArgentina$zBuenos Aires$xHistory$y19th century.
=852  41$aBritish Library$bHMNTS$jYF.2014.a.9600
=856  41$uhttp://core.cambeiro.com.ar/0-154500-18.pdf
=CAT  \\$a6503$b40$c20131209$lBLL01$h1424
=CAT  \\$a11002$b40$c20140416$lBLL01$h0827
=FIN  \\$aY$d20140416
=FMT  \\$a  BK
=LAS  \\$a11002$b40$c20140416$lBLL01$h0827
=SID  \\$aZ39$bOCLC

