=LDR  01271 am a22003614a 4500
=001  016563527
=003  Uk
=005  20140704082201.0
=008  130107s2012\\\\ag\a\\\\\\\\\\000\0\spa\d
=010  \\$a  2012519512
=020  \\$a9789503310052
=035  \\$a(AR-BaFGC)0-168755/1
=040  \\$aAR-BaFGC$cAR-BaFGC$dDLC$dUk
=042  \\$aukblderived
=043  \\$as-ag---
=050  00$aL817$b.M46 2012
=245  00$aMemorias materiales :$bmuseos de la Universidad Nacional de Córdoba.
=260  \\$a[Córdoba, Argentina] :$bUniversidad Nacional de Córdoba, Secretaría de Ciencia y Tecnología, Subsecretaría de Cultura, Programa de Museos,$c[2012]
=300  \\$a126 p. :$bcol. ill. ;$c17 x 25 cm.
=336  \\$atext$2rdacontent
=337  \\$aunmediated$2rdamedia
=338  \\$avolume$2rdacarrier
=490  0\$aColección 400 años. Los libros
=610  20$aUniversidad Nacional de Córdoba.
=650  \0$aCollege museums$zArgentina$zCórdoba.
=852  41$aBritish Library$bHMNTS$jLF.31.a.4709
=856  41$uhttp://core.cambeiro.com.ar/0-168755-1.pdf
=CAT  \\$a6503$b40$c20131209$lBLL01$h1427
=CAT  \\$a10904$b40$c20140704$lBLL01$h0822
=FIN  \\$aY$d20140704
=FMT  \\$a  BK
=LAS  \\$a10904$b40$c20140704$lBLL01$h0822
=SRC  \\$aBLL02

