=LDR  02003 am a2200493 i 4500
=001  016619669
=003  Uk
=005  20150814132341.0
=008  140224s2013\\\\ag\a\\\\\b\\\\000\0\spa\d
=020  \\$a9789872883294
=020  \\$a9872883297
=035  \\$a(OCoLC)883186931
=040  \\$aAR-BaFGC$beng$cN15$dH7K$dOCLCO$dCUY$dOCLCF$dUk$erda
=042  \\$aukblderived
=043  \\$anwcu---
=050  \4$aF1769$b.R58 2013
=100  1\$aRives Pantoja, Alexis,$d1948-$eauthor.
=245  10$aDe los cacicazgos a San Cristóbal de La Habana :$bcrítica a la leyenda negra del exterminio indígena en Cuba /$cAlexis Rives Pantoja ; Juan Pose Quincosa ; Alex Rives Cecin.
=250  \\$aPrimera edición.
=264  \1$aCiudad Autónoma de Buenos Aires :$bAspha,$c2013.
=300  \\$a385 pages :$billustrations ;$c20 cm
=336  \\$atext$2rdacontent
=337  \\$aunmediated$2rdamedia
=338  \\$avolume$2rdacarrier
=504  \\$aIncludes bibliographical references (pages 363-381).
=650  \0$aIndians of the West Indies$zCuba$zHavana (Province)$xAntiquities.
=650  \0$aExcavations (Archaeology)$zCuba$zHavana (Province)
=650  \0$aArchaeology and history$zCuba$zHavana (Province)
=650  \7$aAntiquities.$2fast$0(OCoLC)fst00810745
=650  \7$aArchaeology and history.$2fast$0(OCoLC)fst00813004
=650  \7$aExcavations (Archaeology)$2fast$0(OCoLC)fst00917564
=650  \7$aIndians of the West Indies$xAntiquities.$2fast$0(OCoLC)fst00970095
=651  \0$aHavana (Cuba : Province)$xAntiquities.
=651  \7$aCuba$zHavana (Province)$2fast$0(OCoLC)fst01333141
=700  1\$aPose Quincosa, José,$eauthor.
=700  1\$aRives Cecin, Alex,$eauthor.
=852  41$aBritish Library$bHMNTS$jYF.2015.a.16605
=856  41$uhttp://core.cambeiro.com.ar/0-172216-0.pdf
=CAT  \\$a9701$b40$c20140203$lBLL01$h1339
=CAT  \\$a11131$b40$c20150814$lBLL01$h1323
=FIN  \\$aY$d20150814
=FMT  \\$a  BK
=LAS  \\$a11131$b40$c20150814$lBLL01$h1323
=SID  \\$aZ39$bOCLC

