=LDR  01921 am a2200433 i 4500
=001  016619677
=003  Uk
=005  20150821101234.0
=008  140124s2013\\\\ag\a\\\\\b\\\\000\0\spa\d
=010  \\$a  2012516298
=020  \\$a9789872640378
=035  \\$a(AR-BaFGC)0-171437/0
=040  \\$aAR-BaFGC$cAR-BaFGC$dDLC$dUk$erda
=042  \\$aukblcatcopy
=043  \\$as-ag---$acl-----
=050  00$aHV6322.3.A7$bI57 2013
=245  00$aInstantáneas de la memoria :$bfotografía y dictadura en Argentina y América Latina /$cJordana Blejmar, Natalia Fortuny, Luis Ignacio García, editores ; Lizbeth Arenas Fernández, Teresa Bastos, Jordana Blejmar, Valeria Durán, Máximo Eseverri, Claudia Feld, Natalia Fortuny, Cora Gamarnik, Luis Ignacio García, María Laura Guembe, Mauricio Lissovsky, Ana Longoni, Federico Lorenz, Javiera Medina, Celina Van Dembroucke ; prólogo de Ana Longoni.
=264  \1$aBuenos Aires :$bLibraria,$c[2013]
=300  \\$a267 pages :$billustrations ;$c24 cm
=336  \\$atext$2rdacontent
=337  \\$aunmediated$2rdamedia
=338  \\$avolume$2rdacarrier
=504  \\$aIncludes bibliographical references.
=650  \0$aState-sponsored terrorism$zArgentina$xHistory$y20th century.
=650  \0$aState-sponsored terrorism$zLatin America$xHistory$y20th century.
=650  \0$aPhotography$xSocial aspects$zArgentina.
=650  \0$aPhotography$xSocial aspects$zLatin America.
=650  \0$aPhotography in historiography.
=700  1\$aBlejmar, Jordana,$eeditor.
=700  1\$aFortuny, Natalia,$d1977-$eeditor.
=700  1\$aGarcía, Luis Ignacio,$eeditor.
=852  41$aBritish Library$bHMNTS$jYF.2015.a.17057
=856  41$uhttp://core.cambeiro.com.ar/0-171437-0.pdf
=CAT  \\$a9701$b40$c20140203$lBLL01$h1351
=CAT  \\$a5703$b40$c20150821$lBLL01$h1012
=FIN  \\$aY$d20150821
=FMT  \\$a  BK
=LAS  \\$a5703$b40$c20150821$lBLL01$h1012
=SRC  \\$aBLL02

