=LDR  01591 am a22004217a 4500
=001  016620134
=003  Uk
=005  20141031110943.0
=008  121116s2011\\\\ag\a\\\\\b\\\f100\0\spa\d
=020  \\$a9789871741298
=020  \\$a9871741294
=035  \\$a(OCoLC)853606875
=040  \\$aAR-BaFGC$cN15$dOCLCO$dOCLCA$dUk
=042  \\$aukblderived
=043  \\$acl-----
=050  \4$aZ286.S4$bE53 2010
=111  2\$aEncuentro Iberoamericano de Editores Científicos$n(2nd :$d2010 :$cBiblioteca Nacional, Argentina)
=245  10$aImpacto y visibilidad de las revistas científicas /$cedición preparada por María Sol Piccone y Magdalena Jousset.
=260  \\$aCiudad Autónoma de Buenos Aires :$bEdiciones Biblioteca Nacional,$cc2011.
=300  \\$a250 p. :$bill. ;$c28 cm
=336  \\$atext$2rdacontent
=337  \\$aunmediated$2rdamedia
=338  \\$avolume$2rdacarrier
=504  \\$aIncludes bibliographical references.
=650  \0$aScience$xPeriodicals$xPublishing$zLatin America$vCongresses.
=650  \0$aScientific literature$zLatin America$vCongresses.
=700  1\$aPiccone, María Sol.
=700  1\$aJousset, Magdalena.
=710  2\$aBiblioteca Nacional (Argentina)
=710  2\$aCentro Argentino de Información Científica y Tecnológica.
=852  41$aBritish Library$bHMNTS$jYF.2014.b.2240
=856  41$uhttp://core.cambeiro.com.ar/0-166210-0.pdf
=CAT  \\$a9701$b40$c20140204$lBLL01$h1053
=CAT  \\$a10904$b40$c20141031$lBLL01$h1109
=FIN  \\$aY$d20141031
=FMT  \\$a  BK
=LAS  \\$a10904$b40$c20141031$lBLL01$h1109
=SID  \\$aZ39$bOCLC

