=LDR  01235 am a22003617a 4500
=001  016620163
=003  Uk
=005  20140912081816.0
=008  120905s2012\\\\ag\a\\\\\b\\\\000\0\spa\d
=020  \\$a9871786441
=020  \\$a9789871786442
=035  \\$a(OCoLC)812455038$z(OCoLC)818731562
=040  \\$aAR-BaFGC$beng$cN15$dOCLCO$dYDXCP$dIXA$dBTCTA$dUk
=042  \\$aukblderived
=043  \\$as------
=050  \4$aUA26.S68$bL89 2012
=100  1\$aLuzzani, Telma,$d1951-
=245  10$aTerritorios vigilados :$bcómo opera la red de bases militares norteamericanas en Sudamérica /$cTelma Luzzani.
=260  \\$aBuenos Aires :$bDebate,$cc2012.
=300  \\$a556 p. :$billustrations ;$c23 cm
=336  \\$atext$2rdacontent
=337  \\$aunmediated$2rdamedia
=338  \\$avolume$2rdacarrier
=504  \\$aIncludes bibliographical references (p. 539-549).
=650  \0$aMilitary bases, American$zSouth America.
=852  41$aBritish Library$bHMNTS$jYF.2014.a.19957
=856  41$uhttp://core.cambeiro.com.ar/0-155632-9.pdf
=CAT  \\$a9701$b40$c20140204$lBLL01$h1113
=CAT  \\$a10904$b40$c20140912$lBLL01$h0818
=FIN  \\$aY$d20140912
=FMT  \\$a  BK
=LAS  \\$a10904$b40$c20140912$lBLL01$h0818
=SID  \\$aZ39$bOCLC

