=LDR  01480 am a2200433 a 4500
=001  016620164
=003  Uk
=005  20140506135712.0
=008  130308s2013\\\\ag\\\\\\\b\\\\000\0\spa\d
=020  \\$a9789504931584
=020  \\$a9504931588
=035  \\$a(OCoLC)856427553
=040  \\$aAR-BaFGC$cN15$dOCLCO$dNYP$dUk
=042  \\$aukblderived
=043  \\$as-ag---
=050  \4$aJL2029.C6$bA43 2013
=100  1\$aAlconada Mon, Hugo,$d1974-
=245  10$aBoudou-Ciccone y la máquina de hacer billetes /$cHugo Alconada Mon.
=260  \\$aC.A.B.A. [i.e. Ciudad Autónoma de Buenos Aires] :$bPlaneta,$cc2013.
=300  \\$a318 p. ;$c23 cm.
=336  \\$atext$2rdacontent
=337  \\$aunmediated$2rdamedia
=338  \\$avolume$2rdacarrier
=490  1\$aEspejo de la Argentina
=504  \\$aIncludes bibliographical references (p. 263-318).
=600  10$aBoudou, Amado,$d1962-$xFriends and associates.
=610  20$aCiccone Calcográfica (Firm)
=650  \0$aPolitical corruption$zArgentina$vCase studies.
=650  \0$aBank notes$zArgentina.
=651  \0$aArgentina$xPolitics and government$y2002-
=830  \0$aColección Espejo de Argentina.
=852  41$aBritish Library$bHMNTS$jYF.2014.a.10900
=856  41$uhttp://core.cambeiro.com.ar/0-646-149.pdf
=CAT  \\$a9701$b40$c20140204$lBLL01$h1114
=CAT  \\$a11002$b40$c20140506$lBLL01$h1357
=FIN  \\$aY$d20140506
=FMT  \\$a  BK
=LAS  \\$a11002$b40$c20140506$lBLL01$h1357
=SID  \\$aZ39$bOCLC

