=LDR  01410cam a22004097a 4500
=001  016620195
=003  Uk
=005  20140604084909.0
=008  120112s2011\\\\ag\a\\\\\\\\\\000\0\spa\d
=020  \\$a9789500519786
=020  \\$a950051978X
=035  \\$a(OCoLC)793426508
=040  \\$aAR-BaFGC$cN15$dOCLCO$dFXG$dUk
=042  \\$aukblderived
=043  \\$as-ag---
=050  \4$aF2849.2$b.M646 2011
=100  1\$aMonzón, Florencio.
=245  13$aEl peronismo del silencio :$bcon los escritos ocultos de César Marcos /$cFlorencio Monzón (h).
=260  \\$aBs. As. [i.e. Buenos Aires] :$bCorregidor,$cc2011.
=300  \\$a190 p. :$bill. ;$c23 cm.
=336  \\$atext$2rdacontent
=337  \\$aunmediated$2rdamedia
=338  \\$avolume$2rdacarrier
=650  \0$aGovernment, Resistance to$zArgentina$xHistory$y20th century.
=650  \0$aPeronism$xHistory.
=651  \0$aArgentina$xPolitics and government$y1955-1983.
=700  1\$aMarcos, César$q(César Francisco).
=730  0\$aGuerrillero (Buenos Aires, Argentina)
=852  41$aBritish Library$bHMNTS$jYF.2014.a.13265
=856  41$uhttp://core.cambeiro.com.ar/0-164820-0.pdf
=CAT  \\$a9701$b40$c20140204$lBLL01$h1145
=CAT  \\$a11002$b40$c20140604$lBLL01$h0849
=CAT  \\$aBATCH-UPD$b40$c20230420$lBLL01$h1813
=FIN  \\$aY$d20140604
=FMT  \\$a  BK
=LAS  \\$aBATCH-UPD$b40$c20230420$lBLL01$h1813
=SID  \\$aZ39$bOCLC

