=LDR  01435 am a22004217a 4500
=001  016620206
=003  Uk
=005  20140416092704.0
=008  130227s2012\\\\ag\a\\\\\b\\\\000\0dspa\d
=020  \\$a9789871240715$z9789871240
=020  \\$a9871240716
=035  \\$a(OCoLC)856427554
=040  \\$aAR-BaFGC$cN15$dOCLCO$dUk
=042  \\$aukblderived
=043  \\$as-ag---
=050  \4$aPQ7709$b.A57 2012
=100  1\$aAnsolabehere, Pablo.
=245  10$aOratoria y evocación :$bun episodio perdido en la literatura argentina /$cPablo Ansolabehere.
=260  \\$aBuenos Aires :$bSantiago Arcos Editor,$c2012.
=300  \\$a111 p. :$bill. ;$c17 cm.
=336  \\$atext$2rdacontent
=337  \\$aunmediated$2rdamedia
=338  \\$avolume$2rdacarrier
=490  0\$aFono/gramas ;$v2
=504  \\$aIncludes bibliographical references (p. 107-110).
=650  \0$aSpeeches, addresses, etc., Argentine$xHistory and criticism.
=650  \0$aOrators$zArgentina.
=650  \0$aOratory in literature.
=650  \0$aOratory$zArgentina$xHistory$y19th century.
=650  \0$aOratory$zArgentina$xHistory$y20th century.
=852  41$aBritish Library$bHMNTS$jYF.2014.a.9596
=856  41$uhttp://core.cambeiro.com.ar/0-163014-2.pdf
=CAT  \\$a9701$b40$c20140204$lBLL01$h1152
=CAT  \\$a11002$b40$c20140416$lBLL01$h0927
=FIN  \\$aY$d20140416
=FMT  \\$a  BK
=LAS  \\$a11002$b40$c20140416$lBLL01$h0927
=SID  \\$aZ39$bOCLC

