=LDR  03140 am a2200397 i 4500
=001  016652515
=003  Uk
=005  20160213084534.0
=008  140527s2013\\\\ag\a\\\\\b\\\f000\0\spa\d
=010  \\$a  2012516536
=020  \\$a9789873617041
=035  \\$a(AR-BaFGC)0-8944/23
=040  \\$aAR-BaFGC$cAR-BaFGC$dDLC$dUk$erda
=042  \\$aukblderived
=043  \\$as-ag---
=050  00$aZ519.3$b.C78 2013
=245  00$aCruces y perspectivas de la cultura escrita en la Argentina :$bhistoria de la edición, el libro y la lectura /$cAlejandro E. Parada (dir). ; [authors] Alejandro E. Parada [and twelve more].
=264  \1$aBuenos Aires, Argentina :$bUBA, Facultad de Filosofía y Letras :$bINIBI, Instituto de Investigaciones Bibliotecológicas,$c[2013]
=300  \\$a323 pages :$billustrations ;$c20 cm.
=336  \\$atext$2rdacontent
=337  \\$aunmediated$2rdamedia
=338  \\$avolume$2rdacarrier
=490  0\$aCuadernos de bibliotecología ;$v24
=504  \\$aIncludes bibliographical references.
=505  0\$aPrimera parte. El dilema teórico y el universo multidisciplinar de la historia de la edición y de la lectura. -- -- La historia de la lectura en la encrucijada / Alejandro E. Parada -- Hacia una historia de la edición, el libro y la lectura / Beatriz Cecilia Valinoti -- La modernidad política como texto impreso / Juan Pablo G. Laporte -- Segunda parte. El micromundo de la cultura impresa en la cotidianidad -- -- Para una tipología de los almanaques porteños en las primeras décadas del siglo XX / Ana Mosqueda -- La mañana, amiga de las musas : una hipótesis sobre la lectura matutina a principios del siglo XIX / Matías Maggio Ramírez -- Tercera parte. Cuando la química desembarca : la articulación del análisis químico en la historia de la edición -- -- La cultura impresa argentina en el laboratorio / José Antonio Pérez Botta -- Cuarta parte. La tipografía y su fervor revolucionario -- La dimensión tipométrica en la edición de los impresos en Buenos Aires durante la Revolución de Mayo / Néstor G. Labbé y Elsa V. Silveira -- Quinta parte. Mientras la bibliometría seduce a los estudios cualitativos -- Las publicaciones de la Facultad de Filosofía y LEtras (1896-1989) / Graciela M. Giunti y Silvia Contardi -- Una hora de ruta bibliográfica de la cultura impresa en la Argentina / Eduardo L. Rubí y Nelly A. Durand -- Sexta parte. San Francisco y sus bibliotecarios en un convento porteño -- Cultura impresa y prácticas bibliotecarias : catálogos antiguos de la Biblioteca Histórica del Convento San Francisco de Buenos Aires / Particia Russo.
=650  \0$aPublishers and publishing$zArgentina$xHistory.
=650  \0$aBooks and reading$zArgentina$xHistory.
=700  1\$aParada, Alejandro E.,$eeditor,$eauthor.
=852  41$aBritish Library$bHMNTS$jZa.9.a.7089(24)
=856  41$uhttp://core.cambeiro.com.ar/0-8944-23.pdf
=CAT  \\$a8197$b40$c20140314$lBLL01$h1113
=CAT  \\$a11002$b40$c20160213$lBLL01$h0845
=FIN  \\$aY$d20160213
=FMT  \\$a  BK
=LAS  \\$a11002$b40$c20160213$lBLL01$h0845
=SRC  \\$aBLL02

