=LDR  01469 am a2200397 a 4500
=001  016692053
=003  Uk
=005  20140805140316.0
=008  120222s2011\\\\ag\\\\\\\b\\\\000\0bspa\d
=010  \\$a  2012377051
=020  \\$a9789876143202
=035  \\$a(AR-BaFGC)0-165004/0
=040  \\$aAR-BaFGC$cAR-BaFGC$dDLC$dUk
=042  \\$aukblderived
=043  \\$as-ag---
=050  00$aPQ7797.B4343$bZ67 2011
=100  1\$aGelós, Natalia,$d1979-
=245  10$aAntonio Di Benedetto, periodista :$buna historia que pone en tela de juicio el rol de la profesión /$cNatalia Gelós.
=260  \\$aBuenos Aires :$bCapital Intelectual,$cc2011.
=300  \\$a188 p. ;$c21 cm.
=336  \\$atext$2rdacontent
=337  \\$aunmediated$2rdamedia
=338  \\$avolume$2rdacarrier
=500  \\$aIncludes nine journal articles published by Di Benedetto, one in Mendoza in 1957 and the others in Buenos Aires, 1964-1981.
=504  \\$aIncludes bibliographical references (p. 185-188).
=600  10$aDi Benedetto, Antonio,$d1922-1986.
=650  \0$aJournalists$zArgentina$zMendoza$vBiography.
=650  \0$aAuthors, Argentine$zArgentina$zMendoza$vBiography.
=852  41$aBritish Library$bHMNTS$jYF.2014.a.17940
=856  41$uhttp://core.cambeiro.com.ar/0-165004-0.pdf
=CAT  \\$a9518$b40$c20140423$lBLL01$h0908
=CAT  \\$a11131$b40$c20140805$lBLL01$h1403
=FIN  \\$aY$d20140805
=FMT  \\$a  BK
=LAS  \\$a11131$b40$c20140805$lBLL01$h1403
=SRC  \\$aBLL02

