=LDR  01552 am a22004097i 4500
=001  016692055
=003  Uk
=005  20160206061054.0
=008  131212s2013\\\\ag\a\\\\\b\\\\000\0\spa\d
=010  \\$a  2012516313
=020  \\$a9788493892647
=035  \\$a(AR-BaFGC)0-171777/0
=040  \\$aAR-BaFGC$cAR-BaFGC$dDLC$dUk$erda
=042  \\$aukblderived
=043  \\$acl-----
=050  00$aF2849.22.G85$bK657 2013
=100  1\$aKohan, Néstor,$d1967-$eauthor.
=245  10$aEn la selva :$blos estudios desconocidos del Che Guevara : a propósito de sus Cuadernos de lectura de Bolivia /$cNéstor Kohan.
=264  \1$a[Buenos Aires] :$bAmauta Insurgente Ediciones ;$aBarcelona :$bYulca Editorial ;$a[Buenos Aires?] :$bEdiciones La Llamarada,$c[2013]
=300  \\$a464 pages :$billustrations ;$c21 cm
=336  \\$atext$2rdacontent
=337  \\$aunmediated$2rdamedia
=338  \\$avolume$2rdacarrier
=504  \\$aIncludes bibliographical references.
=600  10$aGuevara, Che,$d1928-1967$xBooks and reading.
=600  10$aGuevara, Che,$d1928-1967$xPolitical and social views.
=650  \0$aCommunism.
=650  \0$aSocialism$zLatin America.
=700  12$iContains (work):$aGuevara, Che,$d1928-1967.$tNotebooks.$kSelections.
=852  41$aBritish Library$bHMNTS$jYF.2016.a.3434
=856  41$uhttp://core.cambeiro.com.ar/0-171777-0.pdf
=CAT  \\$a9518$b40$c20140423$lBLL01$h0910
=CAT  \\$a10904$b40$c20160206$lBLL01$h0610
=FIN  \\$aY$d20160206
=FMT  \\$a  BK
=LAS  \\$a10904$b40$c20160206$lBLL01$h0610
=SRC  \\$aBLL02

