=LDR  01661 am a22004574i 4500
=001  016692174
=003  Uk
=005  20141031081525.0
=008  130412s2013\\\\ag\\\\\\\\\\\\000\0\spa\d
=010  \\$a  2012516187
=020  \\$a9505125585
=020  \\$a9789505125586
=035  \\$a(OCoLC)877071828
=040  \\$aAR-BaFGC$beng$cDLC$dUk$erda
=042  \\$aukblderived
=043  \\$as-ag---
=050  00$aBX1378.7$b.F737 2013
=100  0\$aFrancis,$cPope,$d1936-
=245  10$aPonerse la patria al hombro :$bmemoria y camino de esperanza /$cJorge Mario Bergoglio.
=250  \\$aCorr. y actualizada.
=260  \\$aBuenos Aires :$bEditorial Claretiana,$c[2013]
=300  \\$a140 pages ;$c17 cm
=336  \\$atext$2rdacontent
=337  \\$aunmediated$2rdamedia
=338  \\$avolume$2rdacarrier
=500  \\$a1st ed.: Buenos Aires : Editorial Claretiana, 2004. With a new sermon and other previously published in "Hambre y sed de justicia" (Buenos Aires : Editorial Claretiana, 2001).
=600  00$aFrancis,$cPope,$d1936-$vSermons.
=610  20$aCatholic Church$vSermons.
=650  \0$aSermons, Spanish$zArgentina.
=651  \0$aArgentina$xSocial conditions$vSermons.
=700  0\$aFrancis,$cPope,$d1936-$tHambre y sed de justicia.
=852  41$aBritish Library$bHMNTS$jYF.2014.a.24230
=856  41$uhttp://core.cambeiro.com.ar/0-169342-0.pdf
=CAT  \\$a8157$b40$c20140423$lBLL01$h1047
=CAT  \\$a10904$b40$c20141031$lBLL01$h0813
=CAT  \\$a10904$b40$c20141031$lBLL01$h0814
=CAT  \\$a10904$b40$c20141031$lBLL01$h0815
=FIN  \\$aY$d20141031
=FMT  \\$a  BK
=LAS  \\$a10904$b40$c20141031$lBLL01$h0815
=SID  \\$aZ39$bOCLC

