=LDR  01619 am a22004217a 4500
=001  016692179
=003  Uk
=005  20140709111928.0
=008  130327s2013\\\\ag\b\\\\\b\\\\000\0\spa\d
=020  \\$a9789879028803
=020  \\$a9879028805
=035  \\$a(OCoLC)856427583
=040  \\$aAR-BaFGC$cN15$dOCLCO$dUk
=042  \\$aukblderived
=043  \\$as-ag---
=050  \4$aLC213.3.A72$bM37 2013
=100  1\$aMartignoni, Liliana.
=245  10$aAmpliación de la obligatoriedad escolar y experiencias adolescentes en el gobierno de la pobreza /$cLiliana Martignoni.
=260  \\$aBuenos Aires :$bEditorial La Colmena,$cc2013.
=300  \\$avi, 318 p. :$b1 map ;$c23 cm.
=336  \\$atext$2rdacontent
=337  \\$aunmediated$2rdamedia
=338  \\$avolume$2rdacarrier
=490  0\$aColección Educativa
=500  \\$aOriginally presented as thesis (doctoral)--Facultad Latinoamericana de Ciencias Sociales.
=504  \\$aIncludes bibliographical references (p. [305]-318).
=650  \0$aEducational equalization$zArgentina$zBuenos Aires (Province)
=650  \0$aEducation, Secondary$xSocial aspects$zArgentina$zBuenos Aires (Province)
=650  \0$aPoor teenagers$xEducation (Secondary)$zArgentina$zBuenos Aires (Province)$vCase studies.
=852  41$aBritish Library$bHMNTS$jYF.2014.a.16402
=856  41$uhttp://core.cambeiro.com.ar/0-30561-7.pdf
=CAT  \\$a8157$b40$c20140423$lBLL01$h1049
=CAT  \\$a10904$b40$c20140704$lBLL01$h1117
=CAT  \\$a7416$b40$c20140709$lBLL01$h1119
=FIN  \\$aY$d20140704
=FMT  \\$a  BK
=LAS  \\$a7416$b40$c20140709$lBLL01$h1119
=SID  \\$aZ39$bOCLC

