=LDR  02077 am a2200469 a 4500
=001  016692440
=003  Uk
=005  20140728124421.0
=008  121213s2012\\\\ag\a\\\\\b\\\f000\0\spa\d
=020  \\$a9506982988
=020  \\$a9789506982980
=035  \\$a(OCoLC)832817918
=040  \\$aAR-BaFGC$beng$cN15$dIXA$dOCLCF$dUk
=043  \\$as-ag---
=050  \4$aLA547$b.A36 2012
=245  00$aAhorran, acunan y martillan :$bmarcas de urbanidad en los escenarios educativos argentinos : primera mitad del siglo XX /$cCarolina Kaufmann, directora ; Paula Caldo ... [et al.].
=260  \\$aConcepción del Uruguay, Entre Ríos, Argentina :$bUniversidad Nacional de Entre Ríos, Facultad de Ciencias de la Educación,$c2012.
=300  \\$a316 p. :$bill. (some col.) ;$c21 cm.
=336  \\$atext$2rdacontent
=337  \\$aunmediated$2rdamedia
=338  \\$avolume$2rdacarrier
=504  \\$aIncludes bibliographical references (p. 299-314).
=648  \7$a1900 - 1999$2fast
=650  \0$aEducation, Elementary$zArgentina$xHistory$y20th century.
=650  \0$aChildren$xConduct of life$xStudy and teaching$zArgentina$xHistory$y20th century.
=650  \0$aHome economics$xStudy and teaching (Elementary)$zArgentina$xHistory$y20th century.
=650  \7$aChildren$xConduct of life$xStudy and teaching.$2fast$0(OCoLC)fst00854874
=650  \7$aEducation, Elementary.$2fast$0(OCoLC)fst00902945
=650  \7$aHome economics$xStudy and teaching (Elementary)$2fast$0(OCoLC)fst00959232
=651  \7$aArgentina.$2fast$0(OCoLC)fst01205614
=655  \7$aHistory.$2fast$0(OCoLC)fst01411628
=700  1\$aKaufmann, Carolina.
=700  1\$aCaldo, Paula.
=710  2\$aUniversidad Nacional de Entre Ríos.$bFacultad de Ciencias de la Educación,$epublisher.
=852  41$aBritish Library$bHMNTS$jYF.2014.a.17231
=856  41$uhttp://core.cambeiro.com.ar/0-144218-5.pdf
=CAT  \\$a8157$b40$c20140423$lBLL01$h1353
=CAT  \\$a11342$b40$c20140728$lBLL01$h1244
=FIN  \\$aY$d20140728
=FMT  \\$a  BK
=LAS  \\$a11342$b40$c20140728$lBLL01$h1244
=SID  \\$aZ39$bOCLC

