=LDR  01409cam a2200421 a 4500
=001  016692465
=003  Uk
=005  20140702112532.0
=008  111228s2011\\\\ag\\\\\\\b\\\\000\0bspa\d
=010  \\$a  2011439056
=020  \\$a9789876281461
=035  \\$a(AR-BaFGC)0-164471/2
=040  \\$aAR-BaFGC$cAR-BaFGC$dDLC$dUk
=042  \\$aukblderived
=043  \\$as-ag---
=050  00$aF2845.C366$bW37 2011
=100  1\$aWasserman, Fabio.
=245  10$aJuan José Castelli :$bde súbdito de la corona a líder revolucionario /$cFabio Wasserman.
=250  \\$a1. ed.
=260  \\$aBuenos Aires :$bEdhasa,$c2011.
=300  \\$a248 p. ;$c23 cm.
=336  \\$atext$2rdacontent
=337  \\$aunmediated$2rdamedia
=338  \\$avolume$2rdacarrier
=490  0\$aBiografías argentinas
=504  \\$aIncludes bibliographical references (p. [245]-248).
=600  10$aCastelli, Juan José,$d1764-1812.
=650  \0$aRevolutionaries$zArgentina$vBiography.
=651  \0$aArgentina$xHistory$yWar of Independence, 1810-1817$xBiography.
=852  41$aBritish Library$bHMNTS$jYF.2014.a.15501
=856  41$uhttp://core.cambeiro.com.ar/0-164471-2.pdf
=CAT  \\$a8157$b40$c20140423$lBLL01$h1407
=CAT  \\$a11131$b40$c20140702$lBLL01$h1125
=CAT  \\$aBATCH-UPD$b40$c20220205$lBLL01$h1817
=FIN  \\$aY$d20140702
=FMT  \\$a  BK
=LAS  \\$aBATCH-UPD$b40$c20220205$lBLL01$h1817
=SRC  \\$aBLL02

