=LDR  01666 am a2200481 a 4500
=001  016692575
=003  Uk
=005  20140911135114.0
=008  121206s2012\\\\ag\\\\\\\b\\\\000\0cspa\d
=010  \\$a  2012519454
=020  \\$a9789876281843 (paperback)
=035  \\$a(AR-BaFGC)0-164471/3
=040  \\$aAR-BaFGC$beng$cAR-BaFGC$dDLC$dUk
=042  \\$aukblsr
=043  \\$as-ag---
=050  00$aF2847.Q47$bB83 2012
=100  1\$aBuchbinder, Pablo.
=245  14$aLos Quesada :$bletras, ciencias y política en la Argentina : 1850-1934 /$cPablo Buchbinder.
=250  \\$a1. ed.
=260  \\$aBuenos Aires :$bEdhasa,$c2012.
=300  \\$a239 p. ;$c23 cm.
=336  \\$atext$2rdacontent
=337  \\$aunmediated$2rdamedia
=338  \\$avolume$2rdacarrier
=490  0\$aBiografías argentinas
=504  \\$aIncludes bibliographical references (p. [231]-239).
=600  10$aQuesada, Vicente G.$q(Vicente Gregorio),$d1830-1913.
=600  10$aQuesada, Ernesto,$d1858-1934.
=650  \0$aPoliticians$zArgentina$vBiography.
=650  \0$aIntellectuals$zArgentina$vBiography.
=651  \0$aArgentina$xHistory$y19th century.
=651  \0$aArgentina$xHistory$y20th century.
=651  \0$aArgentina$xIntellectual life$y19th century.
=651  \0$aArgentina$xIntellectual life$y20th century.
=852  41$aBritish Library$bHMNTS$jYF.2014.a.19611
=856  41$uhttp://core.cambeiro.com.ar/0-164471-3.pdf
=CAT  \\$a8157$b40$c20140423$lBLL01$h1620
=CAT  \\$a11342$b40$c20140910$lBLL01$h1732
=CAT  \\$a11342$b40$c20140911$lBLL01$h1351
=FIN  \\$aY$d20140911
=FMT  \\$a  BK
=LAS  \\$a11342$b40$c20140911$lBLL01$h1351
=SRC  \\$aBLL02

