=LDR  01302 am a2200385 a 4500
=001  016693046
=003  Uk
=005  20140806080632.0
=008  120611s2011\\\\ag\\\\\\\b\\\\000\0\spa\d
=010  \\$a  2012377635
=020  \\$a9789870246640
=020  \\$a9870246648
=035  \\$a(OCoLC)810290717
=040  \\$aAR-BaFGC$beng$cDLC$dOCLCO$dUk
=042  \\$aukblderived
=050  00$aPQ7797.B635$bZ882 2010
=100  1\$aRicci Della Grisa, Graciela N.
=245  14$aLas redes invisibles del lenguaje :$bla lengua en y a través de Borges /$cGraciela N. Ricci.
=250  \\$a[Corr. y aum.].
=260  \\$aBuenos Aires :$bEditorial Dunken,$c2011.
=300  \\$a359 p. ;$c23 cm.
=336  \\$atext$2rdacontent
=337  \\$aunmediated$2rdamedia
=338  \\$avolume$2rdacarrier
=504  \\$aIncludes bibliographical references (p. [343]-359).
=600  10$aBorges, Jorge Luis,$d1899-1986$xCriticism and interpretation.
=600  10$aBorges, Jorge Luis,$d1899-1986$xLanguage.
=852  41$aBritish Library$bHMNTS$jYF.2014.a.17893
=856  41$uhttp://core.cambeiro.com.ar/0-165610-0.pdf
=CAT  \\$a8157$b40$c20140425$lBLL01$h0844
=CAT  \\$a11131$b40$c20140806$lBLL01$h0806
=FIN  \\$aY$d20140806
=FMT  \\$a  BK
=LAS  \\$a11131$b40$c20140806$lBLL01$h0806
=SID  \\$aZ39$bOCLC

