=LDR  01445 am a2200421 a 4500
=001  016693059
=003  Uk
=005  20140603172857.0
=008  121204s2012\\\\ag\\\\\\\b\\\f000\0\spa\d
=020  \\$a9789872594510
=020  \\$a9872594511
=035  \\$a(OCoLC)832817513
=040  \\$aAR-BaFGC$beng$cN15$dOCLCF$dNOC$dUk
=042  \\$aukblderived
=043  \\$as-ag---
=050  \4$aPC4871.A6$bV63 2012
=050  \4$aPC4871$b.V63 2012
=245  00$aVoces y ecos :$buna antología de los debates sobre la lengua nacional : Argentina, 1900-2000 /$cMara Glozman, Daniela Lauria [compiladoras].
=260  \\$aBuenos Aires :$bCabiria :$bEdiciones Biblioteca Nacional,$cc2012.
=300  \\$a170 p. ;$c20 cm.
=336  \\$atext$2rdacontent
=337  \\$aunmediated$2rdamedia
=338  \\$avolume$2rdacarrier
=490  1\$aColección Oxímoron-Libros del museo
=504  \\$aIncludes bibliographical references (p. [163]-170).
=650  \0$aSpanish language$zArgentina.
=650  \0$aLanguage and culture$zArgentina.
=700  1\$aGlozman, Mara.
=700  1\$aLauria, Daniela.
=830  \0$aColección Oxímoron.
=852  41$aBritish Library$bHMNTS$jYF.2014.a.13222
=856  41$uhttp://core.cambeiro.com.ar/0-168264-1.pdf
=CAT  \\$a8157$b40$c20140425$lBLL01$h0919
=CAT  \\$a11002$b40$c20140603$lBLL01$h1728
=FIN  \\$aY$d20140603
=FMT  \\$a  BK
=LAS  \\$a11002$b40$c20140603$lBLL01$h1728
=SID  \\$aZ39$bOCLC

