=LDR  01301 am a2200409 a 4500
=001  016693122
=003  Uk
=005  20140806075540.0
=008  120117s2011\\\\ag\\\\\\\b\\\\000\0\spa\d
=010  \\$a  2011438948
=020  \\$a9789872714000
=035  \\$a(AR-BaFGC)0-165035/1
=040  \\$aAR-BaFGC$cAR-BaFGC$dDLC$dUk
=042  \\$aukblderived
=050  00$aHQ767$b.M59 2011
=100  1\$aMizrahi, Liliana.
=245  10$aMujeres libres y crímenes sociales :$bla penalización del aborto y la aceptación del abuso /$cLiliana Mizrahi.
=250  \\$a1a ed.
=260  \\$aBuenos Aires :$bM Ediciones,$cc2011.
=300  \\$a220 p. ;$c21 cm.
=336  \\$atext$2rdacontent
=337  \\$aunmediated$2rdamedia
=338  \\$avolume$2rdacarrier
=490  0\$aColección Ensayos
=504  \\$aIncludes bibliographical references (p. [219]-220).
=650  \0$aAbortion.
=650  \0$aDecriminalization.
=650  \0$aSex crimes.
=852  41$aBritish Library$bHMNTS$jYF.2014.a.17933
=856  41$uhttp://core.cambeiro.com.ar/0-165035-1.pdf
=CAT  \\$a8157$b40$c20140425$lBLL01$h1132
=CAT  \\$a11131$b40$c20140805$lBLL01$h1452
=CAT  \\$a11131$b40$c20140806$lBLL01$h0755
=FIN  \\$aY$d20140805
=FMT  \\$a  BK
=LAS  \\$a11131$b40$c20140806$lBLL01$h0755
=SRC  \\$aBLL02

