=LDR  03493 am a2200505 i 4500
=001  016693282
=003  Uk
=005  20150807085954.0
=008  130214s2012\\\\ag\\\\\\\bm\\\000\0dspa\d
=010  \\$a  2012519796
=020  \\$a9789876402385
=020  \\$a9876402382
=035  \\$a(OCoLC)851098894
=040  \\$aAR-BaFGC$beng$cDLC$dCGU$dOCLCF$dUBY$dUk$erda
=042  \\$aukblderived
=050  00$aBV2290$b.V47 2012
=100  1\$aVera, Silvia Virginia.
=245  10$aMúsica y misión :$bla música como medio de evangelización en las reducciones jesuitas : siglos XVII-XVIII /$cSilvia Virginia Vera.
=260  \\$aCiudad Autónoma de Buenos Aires :$bAgape libros,$c2012.
=300  \\$a191 pages ;$c21 cm.
=336  \\$atext$2rdacontent
=337  \\$aunmediated$2rdamedia
=338  \\$avolume$2rdacarrier
=490  1\$aColección Academia
=502  \\$aThesis (licenciatura)--Pontificia Universidad Católica Argentina Santa María de los Buenos Aires, 2007.
=504  \\$aIncludes bibliographical references (pages 167-191).
=505  00$tIntroducción -- La música en América Latina : Introducción ; Hallazgos arqueológicos ; La Música en el ámbito indígena precolombino : Características de la música indígena ; Los instrumentos indígenas ; Factores histórico-étnicos que contribuyeron a la formación de la música iberoamericana -- Manifestaciones musicales propiamente dichas : Los iniciadores -- La música europea en América Latina : Los instrumentos ; Textos y Partituras -- Los músicos Jesuitas : Introducción ; Escuelas de Música de las Reducciones : La Primera Escuela Musical: San Ignacio ; El centro musical más importante en el siglo XVIII: Yapeyú -- Los Músicos Jesuitas en las Reducciones : Luis Berger ; Juan Vaseo ; Pedro Comental ; Claudio Ruyer ; Antonio Sepp ; Martin Schmid ; Juan Mesner ; Juan Fecha ; Florian Paucke -- Música y Evangelización : Primera parte: Experiencia sonoro-musical : Introducción ; La música y el ser humano ; Música y Personalidad ; La comunicación a través de la música ; Conclusion -- Segunda parte: La música como medio de evangelización : Introducción ; Los primeros contactos por medio de la música ; La Compañía de Jesús ; Misioneros, Jesuitas y Músicos ; La Música y el Canto en las Reducciones -- Domenico Zipoli : Introducción : Estado de la música europea al nacimiento de Zipoli -- Biografía ; Cronología ; Maestros de Doménico Zipoli ; Obras -- Conclusiones.
=610  27$aJesuits$2fast$0(OCoLC)fst00532143
=650  \0$aJesuits$xMissions$zRio de la Plata Region (Argentina and Uruguay)$xHistory.
=650  \0$aMusic$xReligious aspects$xCatholic Church.
=650  \0$aEvangelistic work$zRio de la Plata Region (Argentina and Uruguay)
=650  \0$aGuarani Indians$xMissions$zRio de la Plata Region (Argentina and Uruguay)
=650  \7$aMission music.$2fast$0(OCoLC)fst01023713
=650  \7$aMissions.$2fast$0(OCoLC)fst01023771
=651  \7$aLatin America.$2fast$0(OCoLC)fst01245945
=830  \0$aColección Academia (Agape Libros)
=852  41$aBritish Library$bHMNTS$jYF.2015.a.15654
=856  41$uhttp://core.cambeiro.com.ar/0-165639-4.pdf
=CAT  \\$a8157$b40$c20140425$lBLL01$h1615
=CAT  \\$a11131$b40$c20150807$lBLL01$h0859
=CAT  \\$aBATCH-UPD$b40$c20180315$lBLL01$h2137
=FIN  \\$aY$d20150807
=FMT  \\$a  BK
=LAS  \\$aBATCH-UPD$b40$c20180315$lBLL01$h2137
=SID  \\$aZ39$bOCLC

