=LDR  01655 am a2200457 a 4500
=001  016699026
=003  Uk
=005  20140805111016.0
=008  130227s2012\\\\ag\a\\\\\b\\\\000\0\spa\d
=020  \\$a9789876143875
=020  \\$a9876143875
=035  \\$a(OCoLC)856427556
=040  \\$aAR-BaFGC$cN15$dOCLCO$dNYP$dUK
=042  \\$aukblderived
=043  \\$as-ag---
=050  \4$aHD9574.A74$bY32 2012
=100  1\$aBarrera, Mariano.
=245  10$aHistoria de una privatización :$bcómo y por qué perdimos YPF /$cMariano Barrera, Ignacio Sabbatella, Esteban Serrani.
=260  \\$aBuenos Aires :$bCapital Intelectual,$cc2012.
=300  \\$a111 p. :$bill. ;$c20 cm.
=336  \\$atext$2rdacontent
=337  \\$aunmediated$2rdamedia
=338  \\$avolume$2rdacarrier
=490  1\$aClaves para todos
=504  \\$aIncludes bibliographical references (p. 105-110).
=610  20$aYacimientos Petrolíferos Fiscales (Argentina)$xHistory.
=650  \0$aPetroleum industry and trade$xPrivatization$zArgentina$xHistory.
=650  \0$aPetroleum industry and trade$xGovernment policy$zArgentina$xHistory.
=651  \0$aArgentina$xPolitics and government$y1983-2002.
=700  1\$aSabbatella, Ignacio.
=700  1\$aSerrani, Esteban.
=830  \0$aClaves para todos.
=852  41$aBritish Library$bHMNTS$jYF.2014.a.17946
=856  41$uhttp://core.cambeiro.com.ar/0-123719-107.pdf
=CAT  \\$a8157$b40$c20140430$lBLL01$h1234
=CAT  \\$a11131$b40$c20140805$lBLL01$h1110
=CAT  \\$aBATCH-UPD$b40$c20150801$lBLL01$h1735
=FIN  \\$aY$d20140805
=FMT  \\$a  BK
=LAS  \\$aBATCH-UPD$b40$c20150801$lBLL01$h1735
=SID  \\$aZ39$bOCLC

