=LDR  01420cam a22004217a 4500
=001  016699033
=003  Uk
=005  20140704112525.0
=008  120716s2012\\\\ag\ab\\\\\\\\\000\0\spa\d
=020  \\$a9789504928904
=020  \\$a9504928900
=035  \\$a(OCoLC)812454948
=040  \\$aAR-BaFGC$cN15$dOCLCF$dZCU$dUk
=042  \\$aukblderived
=043  \\$as-ag---
=050  \4$aHE1783.A7$bM63 2012
=100  1\$aMochkofsky, Graciela,$d1969-
=245  10$aOnce :$bviajar y morir como animales /$cGraciela Mochkofsky.
=260  \\$aC.A.B.A. [i.e. Ciudad Autónoma de Buenos Aires] :$bPlaneta,$cc2012.
=300  \\$a238 p. :$bill., 1 map ;$c23 cm.
=336  \\$atext$2rdacontent
=337  \\$aunmediated$2rdamedia
=338  \\$avolume$2rdacarrier
=490  1\$aEspejo de la Argentina
=650  \0$aRailroad accidents$zArgentina$zBuenos Aires.
=650  \0$aRailroads$xCorrupt practices$zArgentina.
=650  \0$aRailroads and state$zArgentina.
=830  \0$aEspejo de la Argentina.
=852  41$aBritish Library$bHMNTS$jYF.2014.a.15875
=856  41$uhttp://core.cambeiro.com.ar/0-646-140.pdf
=CAT  \\$a8157$b40$c20140430$lBLL01$h1240
=CAT  \\$a10904$b40$c20140704$lBLL01$h1125
=CAT  \\$aBATCH-UPD$b40$c20161117$lBLL01$h2027
=CAT  \\$aBATCH-UPD$b40$c20221216$lBLL01$h2107
=FIN  \\$aY$d20140704
=FMT  \\$a  BK
=LAS  \\$aBATCH-UPD$b40$c20221216$lBLL01$h2107
=SID  \\$aZ39$bOCLC

