=LDR  01302 am a22003977a 4500
=001  016699200
=003  Uk
=005  20140604081411.0
=008  130814s2013\\\\ag\\\\\\\b\\\\000\0\spa\d
=020  \\$a9789871489671
=020  \\$a9871489676
=035  \\$a(OCoLC)870342599
=040  \\$aAR-BaFGC$beng$cN15$dUk
=042  \\$aukblderived
=043  \\$as-ag---
=050  \4$aGV944.A7$bV56 2013
=245  00$aViolencia en el fútbol :$binvestigaciones sociales y fracasos políticos /$cJosé Garriga Zucal, comp.
=260  \\$aBuenos Aires :$bEdiciones Godot,$c2013.
=300  \\$a413 p. ;$c20 cm.
=336  \\$atext$2rdacontent
=337  \\$aunmediated$2rdamedia
=338  \\$avolume$2rdacarrier
=490  0\$aColección Crítica
=504  \\$aIncludes bibliographical references (p. 395-413).
=650  \0$aSoccer hooliganism$zArgentina.
=650  \0$aViolence in sports$zArgentina.
=650  \0$aSoccer$xSocial aspects$zArgentina.
=700  1\$aGarriga Zucal, José.
=852  41$aBritish Library$bHMNTS$jYF.2014.a.13277
=856  41$uhttp://core.cambeiro.com.ar/0-153983-9.pdf
=CAT  \\$a8157$b40$c20140430$lBLL01$h1541
=CAT  \\$a11002$b40$c20140604$lBLL01$h0814
=FIN  \\$aY$d20140604
=FMT  \\$a  BK
=LAS  \\$a11002$b40$c20140604$lBLL01$h0814
=SID  \\$aZ39$bOCLC

