=LDR  01312 am a22003974a 4500
=001  016700056
=003  Uk
=005  20140806081336.0
=008  130730s2013\\\\ag\\\\\\\\\\\\001\0bspa\d
=010  \\$a  2012516174
=020  \\$a9789500743976
=035  \\$a(AR-BaFGC)0-122437/51
=040  \\$aAR-BaFGC$cAR-BaFGC$dDLC$dUk
=042  \\$aukblderived
=043  \\$as-ag---
=050  00$aF2849.33.F47$bR87 2013
=100  1\$aRusso, Graciela.
=245  13$aEl aplaudidor :$bAníbal Fernández : la política desde la primera fila /$cGraciela Russo, Marcelo López Masía.
=260  \\$aBuenos Aires :$bSudamericana,$cc2013.
=300  \\$a285 p. ;$c23 cm.
=336  \\$atext$2rdacontent
=337  \\$aunmediated$2rdamedia
=338  \\$avolume$2rdacarrier
=500  \\$aIncludes index.
=600  10$aFernández, Aníbal,$d1957-
=650  \0$aCabinet officers$zArgentina$vBiography.
=651  \0$aArgentina$xPolitics and government$y2002-
=700  1\$aLópez Masía, Marcelo,$d1963-
=852  41$aBritish Library$bHMNTS$jYF.2014.a.17931
=856  41$uhttp://core.cambeiro.com.ar/0-122437-51.pdf
=CAT  \\$a8157$b40$c20140502$lBLL01$h1232
=CAT  \\$a11131$b40$c20140806$lBLL01$h0813
=FIN  \\$aY$d20140806
=FMT  \\$a  BK
=LAS  \\$a11131$b40$c20140806$lBLL01$h0813
=SRC  \\$aBLL02

