=LDR  01620 am a2200409 i 4500
=001  016706129
=003  Uk
=005  20140805144453.0
=008  130214s2012\\\\ag\a\\\\\b\\\\000\0\spa\d
=020  \\$a9789870806813
=020  \\$a9870806813
=035  \\$a(OCoLC)856427581
=040  \\$aAR-BaFGC$beng$cN15$dOCLCO$dTOZ$dUK$erda
=042  \\$aukblderived
=043  \\$as-ag---
=050  \4$aPM5658$b.G88 2012
=100  1\$aGutiérrez, Marcos F.$q(Marcos Feliciano),$d1927-$eauthor.
=245  10$aContribución para una reconstrucción del Cacan :$bantigua lengua perdida del complejo diaguita-calchaquí : en base a un estudio etimológico de topónimos, nombres y apellidos indígenas de los siglos XVI, XVII y XVIII /$cMarcos F. Gutiérrez.
=264  \1$aBuenos Aires :$bDe Los Cuatro Vientos,$c[2012]
=300  \\$a164, 6 pages :$billustrations ;$c23 cm
=336  \\$atext$btxt$2rdacontent
=337  \\$aunmediated$bn$2rdamedia
=338  \\$avolume$bnc$2rdacarrier
=504  \\$aIncludes bibliographical references (pages 165-170).
=650  \0$aCacán language.
=650  \0$aCacán language$xEtymology$xNames.
=650  \0$aNames, Geographical$zArgentina, Northwest.
=650  \0$aNames, Personal$zArgentina, Northwest.
=852  41$aBritish Library$bHMNTS$jYF.2014.a.17969
=856  41$uhttp://core.cambeiro.com.ar/0-168886-0.pdf
=CAT  \\$a8157$b40$c20140502$lBLL01$h1530
=CAT  \\$a11131$b40$c20140805$lBLL01$h1444
=CAT  \\$aBATCH-UPD$b40$c20201014$lBLL01$h1648
=FIN  \\$aY$d20140805
=FMT  \\$a  BK
=LAS  \\$aBATCH-UPD$b40$c20201014$lBLL01$h1648
=SID  \\$aZ39$bOCLC

