=LDR  02005 am a2200505 i 4500
=001  016735347
=003  Uk
=005  20150806073031.0
=008  140507s2013\\\\ag\\\\\\\b\\\f001\0\spa\d
=010  \\$a  2014510032
=020  \\$a9789871741786
=020  \\$a9871741782
=035  \\$a(OCoLC)885063196$z(OCoLC)892856466
=040  \\$aAR-BaFGC$beng$cDLC$dCOD$dMNU$dOBE$dOCLCF$dCHVBK$dUk$erda
=042  \\$aukblderived
=050  00$aZ8109.36$b.H46 2013
=100  1\$aHelft, Nicolás,$ecompiler.
=245  10$aJorge Luis Borges :$bbibliografía e índice /$cNicolás Helft.
=250  \\$aReedición ampliada.
=264  \1$aCiudad Autónoma de Buenos Aires :$bEdiciones Biblioteca Nacional,$c[2013]
=300  \\$a641 pages ;$c28 cm.
=336  \\$atext$2rdacontent
=337  \\$aunmediated$2rdamedia
=338  \\$avolume$2rdacarrier
=490  1\$aColección índices y bibliografías. Biblioteca Nacional ;$v5
=500  \\$a1st edition: Buenos Aires : Fondo de Cultura Económica, 1997. This edition adds an index to Borges works.
=504  \\$aIncludes bibliographical references and index.
=600  10$aBorges, Jorge Luis,$d1899-1986$vBibliography.
=600  10$aBorges, Jorge Luis,$d1899-1986$vIndexes.
=600  17$aBorges, Jorge Luis,$d1899-1986$2fast$0(OCoLC)fst00030252
=600  17$aBorges, Jorge Luis,$d1899-1986$0(DE-588)118513532$2gnd
=655  \7$aBibliography.$2fast$0(OCoLC)fst01423717
=655  \7$aIndexes.$2fast$0(OCoLC)fst01423761
=830  \0$aÍndices y bibliografías ;$v5.
=852  41$aBritish Library$bHMNTS$jYF.2015.b.1379
=856  41$uhttp://core.cambeiro.com.ar/0-152938-5.pdf
=CAT  \\$a6503$b40$c20140604$lBLL01$h1446
=CAT  \\$aBATCH-UPD$b40$c20140904$lBLL01$h0856
=CAT  \\$aBATCH-UPD$b40$c20141009$lBLL01$h2235
=CAT  \\$a11131$b40$c20150806$lBLL01$h0730
=CAT  \\$aBATCH-UPD$b40$c20151210$lBLL01$h0108
=FIN  \\$aY$d20150806
=FMT  \\$a  BK
=LAS  \\$aBATCH-UPD$b40$c20151210$lBLL01$h0108
=SID  \\$aZ39$bOCLC

