=LDR  01377 am a2200397 i 4500
=001  016748896
=003  Uk
=005  20140626115608.0
=008  140109s2013\\\\ag\\\\\\\b\\\\001\0\spa\d
=010  \\$a  2012516194
=020  \\$a9789500520874 (paperback)
=035  \\$a(AR-BaFGC)0-122116/47
=040  \\$aAR-BaFGC$cAR-BaFGC$dDLC$dUk$erda
=042  \\$aukblcatcopy
=043  \\$as-ag---
=050  00$aPQ7797.B635$bZ66362 2013
=100  1\$aCorbatta, Jorgelina,$eauthor.
=245  10$aBorges y yo, Borges y los otros /$cJorgelina Corbatta.
=264  \1$aBuenos Aires :$bCorregidor,$c[2013]
=300  \\$a184 pages ;$c20 cm.
=336  \\$atext$2rdacontent
=337  \\$aunmediated$2rdamedia
=338  \\$avolume$2rdacarrier
=490  0\$aNueva crítica hispanoamericana ;$v45
=504  \\$aIncludes bibliographical references and index.
=600  10$aBorges, Jorge Luis,$d1899-1986$xCriticism and interpretation.
=600  10$aBorges, Jorge Luis,$d1899-1986$xInfluence.
=650  \0$aArgentine literature$y20th century$xHistory and criticism.
=852  41$aBritish Library$bHMNTS$jYF.2014.a.15496
=856  41$uhttp://core.cambeiro.com.ar/0-122116-47.pdf
=CAT  \\$a5181$b40$c20140626$lBLL01$h1156
=CAT  \\$aBATCH-UPD$b40$c20160229$lBLL01$h2113
=FIN  \\$aY$d20140626
=FMT  \\$a  BK
=LAS  \\$aBATCH-UPD$b40$c20160229$lBLL01$h2113
=SRC  \\$aBLL02

