=LDR  01539 am a2200421 i 4500
=001  016748917
=003  Uk
=005  20160130075212.0
=008  140530s2014\\\\ag\\\\\\\b\\\\000\0\spa\d
=010  \\$a  2014510031
=020  \\$a9789500520980
=020  \\$a9500520982
=035  \\$a(OCoLC)890652042
=040  \\$aAR-BaFGC$beng$cDLC$dFXG$dNYP$dOCLCF$dCHVBK$dDGU$dUk$erda
=042  \\$aukblderived
=050  00$aPQ8519.H34$bZ73 2014
=100  1\$aLespada, Gustavo,$eauthor.
=245  10$aCarencia y literatura :$bel procedimiento narrativo de Felisberto Hernández /$cGustavo Lespada.
=264  \1$aBs. As. :$bCorregidor,$c[2014]
=300  \\$a378 pages ;$c20 cm.
=336  \\$atext$2rdacontent
=337  \\$aunmediated$2rdamedia
=338  \\$avolume$2rdacarrier
=490  1\$aNueva crítica hispanoamericana
=504  \\$aIncludes bibliographical references (pages 357-375).
=600  10$aHernández, Felisberto$xCriticism and interpretation.
=600  17$aHernández, Felisberto$2fast$0(OCoLC)fst00011406
=600  17$aHernández, Felisberto,$d1902-1964.$0(DE-588)118774174$2gnd
=655  \7$aCriticism, interpretation, etc.$2fast$0(OCoLC)fst01411635
=830  \0$aNueva crítica hispanoamericana.
=852  41$aBritish Library$bHMNTS$jYF.2016.a.2879
=856  42$uhttp://core.cambeiro.com.ar/0-122116-52.pdf
=CAT  \\$a5181$b40$c20140626$lBLL01$h1209
=CAT  \\$a11002$b40$c20160130$lBLL01$h0752
=FIN  \\$aY$d20160130
=FMT  \\$a  BK
=LAS  \\$a11002$b40$c20160130$lBLL01$h0752
=SID  \\$aZ39$bOCLC

