=LDR  02538 am a2200445 i 4500
=001  016748940
=003  Uk
=005  20160331142819.0
=008  140626s2014\\\\ag\\\\\\\b\\\|0|0\0|spa\\
=010  \\$a  2012516573$z  2014422477
=020  \\$a9789500520973 (paperback)
=035  \\$a(AR-BaFGC)0-122116/50
=040  \\$aAR-BaFGC$cAR-BaFGC$dDLC$dUk$erda
=042  \\$aukblsr
=043  \\$as-ag---
=050  00$aPQ7655$b.P47 2014
=100  1\$aPérez, Alberto Julián,$eauthor.
=245  10$aLiteratura, peronismo y liberación nacional /$cAlberto Julián Pérez.
=264  \1$aBs. As. :$bCorregidor,$c[2014]
=300  \\$a473 pages ;$c20 cm.
=336  \\$atext$2rdacontent
=337  \\$aunmediated$2rdamedia
=338  \\$avolume$2rdacarrier
=490  0\$aNueva crítica hispanoamericana
=500  \\$aPlace of publication: Buenos Aires, Argentina.
=504  \\$aIncludes bibliographical references.
=505  0\$aIntroducción: Peronismo, cultura y razón de estado -- Lucha política y ensayo nacional: Perón ensayista : La hora de los pueblos ; La palabra viva de Eva Perón ; Jaureteche, el ensayo nacional y la conlonización pedagógica ; Operación masacre : periodismo, sociedad de masas y literatura ; Testimonio y liberación : Pasajes de la guerra revolucionaria ; El pensameinto americanista de Rodolfo Kusch ; Modelo Argentino : el testamento político de Perón -- Literatura Argentina y peronismo: El joven Borges : criollismo y populismo ; Las letras de los tangos de Enrique Santos Discépolo ; Sobre héroes y tumbas en su política ; Leónidas Lamborghini : peronismo/parodia/poesía ; Boquitas pintadas : entre mujeres ; Marechal, Megafón y la Resistencia peronista ; El avión negro : Perón vuelve ; Juan Gelman : libertad/poesía/revolución ; Respiración artificial : el escritor y el terrorismo de estado -- El cine documental peronista: La hora de los hornos : cine y liberación.
=650  \0$aArgentine literature$y20th century$xHistory and criticism.
=650  \0$aPolitics and literature$zArgentina.
=650  \0$aPeronism in literature.
=651  \0$aArgentina$xIntellectual life$y20th century.
=651  \0$aArgentina$xHistory$y20th century.
=852  41$aBritish Library$bHMNTS$jYF.2016.a.8206
=856  41$uhttp://core.cambeiro.com.ar/0-122116-50.pdf
=CAT  \\$a5181$b40$c20140626$lBLL01$h1324
=CAT  \\$a11342$b40$c20160331$lBLL01$h1428
=FIN  \\$aY$d20160331
=FMT  \\$a  BK
=LAS  \\$a11342$b40$c20160331$lBLL01$h1428
=SRC  \\$aBLL02

