=LDR  01781 am a2200421 i 4500
=001  016748947
=003  Uk
=005  20160130075928.0
=008  140623s2014\\\\ag\\\\\\\b\\\\000\0\spa\d
=010  \\$a  2014510292
=020  \\$a9789500530071
=035  \\$a(AR-BaFGC)0-122116/53
=040  \\$aAR-BaFGC$beng$cAR-BaFGC$dDLC$dUk$erda
=042  \\$aukblcatcopy
=043  \\$acl-----
=050  00$aPQ7082.N7$bP382 2014
=100  1\$aPerilli, Carmen,$d1950-
=245  10$aSombras de autor :$bla narrativa latinoamericana entre siglos, 1990-2010 /$cCarmen Perilli.
=264  \1$aBs. As. :$bCorregidor,$c[2014]
=300  \\$a172 pages ;$c20 cm.
=336  \\$atext$2rdacontent
=337  \\$aunmediated$2rdamedia
=338  \\$avolume$2rdacarrier
=490  0\$aNueva crítica hispanoamericana
=500  \\$aPublished in Buenos Aires.
=504  \\$aIncludes bibliographical references.
=505  0\$aFijando sombras -- Sombras en una isla -- Pedro Juan Gutiérrez -- Una sola sombra larga -- Los fantasmas del viajero -- El pozo y el radiostato -- Roberto de Las Carreteras, la vida como arte -- Entre cuadernos de manos y biografías -- Cómo construir un escritor infame -- Los fantasmas en las genealogías -- La sombra del escritor.
=650  \0$aSpanish American fiction$y20th century$xHistory and criticism.
=650  \0$aSpanish American fiction$y21st century$xHistory and criticism.
=650  \0$aAuthors$xBiography$vFiction$xHistory and criticism.
=852  41$aBritish Library$bHMNTS$jYF.2016.a.2880
=856  41$uhttp://core.cambeiro.com.ar/0-122116-53.pdf
=CAT  \\$a5181$b40$c20140626$lBLL01$h1331
=CAT  \\$a11002$b40$c20160130$lBLL01$h0759
=FIN  \\$aY$d20160130
=FMT  \\$a  BK
=LAS  \\$a11002$b40$c20160130$lBLL01$h0759
=SRC  \\$aBLL02

