=LDR  01406 am a2200397 i 4500
=001  016765332
=003  Uk
=005  20140821074612.0
=008  131122s2013\\\\ag\\\\\\\b\\\\000\0\spa\d
=010  \\$a  2012516304
=020  \\$a9789876262156
=035  \\$a(AR-BaFGC)0-126694/19
=040  \\$aAR-BaFGC$cAR-BaFGC$dDLC$dUk$erda
=042  \\$aukblcatcopy
=050  00$aPQ9281.A66$bC3835 2013
=100  1\$aKoleff, Miguel,$eauthor.
=245  13$aLa caverna de José Saramago :$buna imagen dialéctica /$cMiguel Koleff.
=264  \1$aCórdoba, República Argentina :$bEditorial de la Universidad Católica de Córdoba,$c[2013]
=300  \\$a141 pages ;$c22 cm.
=336  \\$atext$2rdacontent
=337  \\$aunmediated$2rdamedia
=338  \\$avolume$2rdacarrier
=490  0\$aDe puño y letra ;$vvolumen 21
=490  0\$aSerie tc, teoría y crítica
=504  \\$aIncludes bibliographical references (pages 137-141).
=600  10$aSaramago, José.$tCaverna.
=600  10$aSaramago, José$xCriticism and interpretation.
=852  41$aBritish Library$bHMNTS$jYF.2014.a.18690
=856  41$uhttp://core.cambeiro.com.ar/0-126694-19.pdf
=CAT  \\$a6503$b40$c20140703$lBLL01$h1107
=CAT  \\$a11002$b40$c20140821$lBLL01$h0746
=CAT  \\$aBATCH-UPD$b40$c20160709$lBLL01$h1722
=FIN  \\$aY$d20140821
=FMT  \\$a  BK
=LAS  \\$aBATCH-UPD$b40$c20160709$lBLL01$h1722
=SRC  \\$aBLL02

