=LDR  01287 am a2200373 i 4500
=001  016765335
=003  Uk
=005  20140820142515.0
=008  131028s2013\\\\ag\\\\\\\b\\\\000\0dspa\d
=010  \\$a  2012516287
=020  \\$a9789508452719
=035  \\$a(AR-BaFGC)0-77522/57
=040  \\$aAR-BaFGC$cAR-BaFGC$dDLC$dUk$erda
=042  \\$aukblcatcopy
=043  \\$anwcu---
=050  00$aF1799.H3$bM4737 2013
=100  1\$aRegazzoni, Susanna,$eauthor.
=245  10$aEntre dos mundos :$bla condesa de Merlín o la retórica de la mediación /$cSusanna Regazzoni.
=264  \1$a[Rosario, Argentina] :$bBeatriz Viterbo Editora :$bUNR,$c[2013]
=300  \\$a157 pages ;$c20 cm.
=336  \\$atext$2rdacontent
=337  \\$aunmediated$2rdamedia
=338  \\$avolume$2rdacarrier
=490  0\$aEnsayos críticos
=504  \\$aIncludes bibliographical references.
=600  10$aMerlin, María de las Mercedes Santa Cruz y Montalvo,$ccomtesse de,$d1789-1852.$tHavanne.
=852  41$aBritish Library$bHMNTS$jYF.2014.a.18696
=856  41$uhttp://core.cambeiro.com.ar/0-77522-57.pdf
=CAT  \\$a6503$b40$c20140703$lBLL01$h1114
=CAT  \\$a11002$b40$c20140820$lBLL01$h1425
=FIN  \\$aY$d20140820
=FMT  \\$a  BK
=LAS  \\$a11002$b40$c20140820$lBLL01$h1425
=SRC  \\$aBLL02

