=LDR  02082 am a22004697a 4500
=001  016765344
=003  Uk
=005  20140820133702.0
=008  120716s2012\\\\ag\a\\\\\b\\\f100\0\spa\d
=020  \\$a9789506948962
=020  \\$a9506948968
=035  \\$a(OCoLC)812454915
=040  \\$aAR-BaFGC$cN15$dOCLCO$dFXG$dOCLCF$dOCLCO$dUk
=042  \\$aukblderived
=043  \\$as------$aa-cc---
=050  \4$aHC165$b.E52 2012
=111  2\$aEncuentro Internacional "Regionalismo y Relaciones Internacionales: Suramérica, China, Europa"$d(2011 :$cTandil, Argentina)
=245  10$aRegionalismo y orden mundial :$bSuramérica, Europa, China /$cRaúl Bernal-Meza, Silvia Victoria Quintanar [coordinadores] ; Li Xing ... [et al.].
=260  \\$a[Tandil, Argentina] :$bUniversidad Nacional del Centro de la Provincia de Buenos Aires ;$aBuenos Aires :$bNuevohacer, Grupo Editor Latinoamericano,$cc2012.
=300  \\$a418 p. :$bill. ;$c23 cm.
=336  \\$atext$2rdacontent
=337  \\$aunmediated$2rdamedia
=338  \\$avolume$2rdacarrier
=504  \\$aIncludes bibliographical references.
=650  \0$aInternational economic integration$vCongresses.
=650  \0$aRegionalism$zSouth America$vCongresses.
=651  \0$aSouth America$xForeign economic relations$zChina$vCongresses.
=651  \0$aChina$xForeign economic relations$zSouth America$vCongresses.
=700  1\$aBernal-Meza, Raúl,$d1950-
=700  1\$aQuintanar, Silvia Victoria.
=700  1\$aXing, Li.
=710  2\$aUniversidad Nacional del Centro de la Provincia de Buenos Aires.$bFacultad de Ciencias Humanas.$bGrupo de Investigaciones en Relaciones Internacionales y MERCOSUR.
=852  41$aBritish Library$bHMNTS$jYF.2014.a.18694
=856  41$uhttp://core.cambeiro.com.ar/0-312-134.pdf
=CAT  \\$a6503$b40$c20140703$lBLL01$h1124
=CAT  \\$a11002$b40$c20140820$lBLL01$h1337
=CAT  \\$aBATCH-UPD$b40$c20141221$lBLL01$h2247
=CAT  \\$aBATCH-UPD$b40$c20150126$lBLL01$h2100
=FIN  \\$aY$d20140820
=FMT  \\$a  BK
=LAS  \\$aBATCH-UPD$b40$c20150126$lBLL01$h2100
=SID  \\$aZ39$bOCLC

