=LDR  01319 am a22003977a 4500
=001  016765354
=003  Uk
=005  20140912083226.0
=008  130404s2012\\\\ag\\\\\\\b\\\\000\0\spa\d
=020  \\$a9789871851041
=020  \\$a9871851049
=035  \\$a(OCoLC)869854837
=040  \\$aAR-BaFGC$beng$cN15$dNYP$dUk
=042  \\$aukblderived
=043  \\$acl-----
=050  \4$aHV40.8.L28$bT73 2012
=245  03$aEl trabajo social latinoamericano :$belementos de identidad /$cMaría Cristina Melano, Jean-Pierre Deslauriers (dirs.).
=250  \\$a1a ed.
=260  \\$aBuenos Aires :$bLumen-Humanitas, Grupo Editorial Lumen,$cc2012.
=300  \\$a359 p. ;$c22 cm
=336  \\$atext$2rdacontent
=337  \\$aunmediated$2rdamedia
=338  \\$avolume$2rdacarrier
=504  \\$aIncludes bibliographical references.
=650  \0$aSocial service$zLatin America.
=650  \0$aSocial workers$zLatin America.
=700  1\$aMelano, María Cristina.
=700  1\$aDeslauriers, Jean-Pierre,$d1944-
=852  41$aBritish Library$bHMNTS$jYF.2014.a.20716
=856  41$uhttp://core.cambeiro.com.ar/0-169153-0.pdf
=CAT  \\$a6503$b40$c20140703$lBLL01$h1134
=CAT  \\$a10904$b40$c20140912$lBLL01$h0832
=FIN  \\$aY$d20140912
=FMT  \\$a  BK
=LAS  \\$a10904$b40$c20140912$lBLL01$h0832
=SID  \\$aZ39$bOCLC

