=LDR  01422 am a2200421 i 4500
=001  016765463
=003  Uk
=005  20140911143110.0
=008  140225s2013\\\\ag\\\\\\\\\\\\000\0\spa\d
=010  \\$a  2012516469
=020  \\$a9789500744744
=035  \\$a(AR-BaFGC)0-101003/88
=040  \\$aAR-BaFGC$cAR-BaFGC$dDLC$dUk$erda
=042  \\$aukblderived
=043  \\$as-ag---
=050  00$aP95.82.A7$bB55 2013
=100  1\$aBirmajer, Marcelo,$eauthor.
=245  10$aLibro de emergencia :$bla libertad de expresión en la era K /$cMarcelo Birmajer.
=264  \1$a[Argentina] :$bSudamericana,$c[2013]
=300  \\$a222 pages ;$c23 cm
=336  \\$atext$2rdacontent
=337  \\$aunmediated$2rdamedia
=338  \\$avolume$2rdacarrier
=650  \0$aMass media policy$zArgentina.
=650  \0$aFreedom of expression$zArgentina.
=650  \0$aMass media$xPolitical aspects$zArgentina.
=651  \0$aArgentina$xPolitics and government$y2002-
=852  41$aBritish Library$bHMNTS$jYF.2014.a.19965
=856  41$uhttp://core.cambeiro.com.ar/0-101003-88.pdf
=CAT  \\$a6503$b40$c20140703$lBLL01$h1349
=CAT  \\$aBATCH-UPD$b40$c20140703$lBLL01$h1350
=CAT  \\$a10904$b40$c20140911$lBLL01$h1430
=CAT  \\$a10904$b40$c20140911$lBLL01$h1431
=CAT  \\$aBATCH-UPD$b40$c20170211$lBLL01$h1717
=FIN  \\$aY$d20140911
=FMT  \\$a  BK
=LAS  \\$aBATCH-UPD$b40$c20170211$lBLL01$h1717
=SID  \\$aZ39$bLOC

