=LDR  01461 am a22003974a 4500
=001  016765539
=003  Uk
=005  20141201080954.0
=008  120919s2012\\\\ag\\\\\\\b\\\\000\0\spa\d
=010  \\$a  2012377977
=020  \\$a9789870258667
=035  \\$a(AR-BaFGC)0-167020/0
=040  \\$aAR-BaFGC$cAR-BaFGC$dDLC$dUk
=042  \\$aukblderived
=043  \\$as-ag---
=050  00$aBX1912.85$b.G45 2012
=100  1\$aGhirardi, M. Mónica.
=245  10$aAmores sacrílegos :$bamancebamientos de clérigos en las diócesis del Tucumán y Buenos Aires, siglos XVIIII-XIX /$cMónica Ghirardi, Nora Siegrist.
=260  \\$aBuenos Aires :$bEditorial Dunken,$c2012.
=300  \\$a148 p. ;$c23 cm
=336  \\$atext$2rdacontent
=337  \\$aunmediated$2rdamedia
=338  \\$avolume$2rdacarrier
=504  \\$aIncludes bibliographical references (p. [133]-145).
=610  20$aCatholic Church$zArgentina$xClergy$xHistory$y18th century.
=610  20$aCatholic Church$zArgentina$xClergy$xHistory$y19th century.
=650  \0$aCelibacy$xCatholic Church$xHistory$y18th century.
=650  \0$aCelibacy$xCatholic Church$xHistory$y19th century.
=852  41$aBritish Library$bHMNTS$jYF.2014.a.26527
=856  41$uhttp://core.cambeiro.com.ar/0-167020-0.pdf
=CAT  \\$a6503$b40$c20140703$lBLL01$h1429
=CAT  \\$a10904$b40$c20141201$lBLL01$h0809
=FIN  \\$aY$d20141201
=FMT  \\$a  BK
=LAS  \\$a10904$b40$c20141201$lBLL01$h0809
=SRC  \\$aBLL02

