=LDR  01499 am a2200409 i 4500
=001  016765609
=003  Uk
=005  20140904082345.0
=008  131018s2013\\\\ag\\\\\\\b\\\\000\0\spa\d
=010  \\$a  2012516283
=020  \\$a9789872956509
=035  \\$a(AR-BaFGC)0-159016/7
=040  \\$aAR-BaFGC$cAR-BaFGC$dDLC$dUk$erda
=042  \\$aukblderived
=043  \\$acl-----
=050  00$aPQ7081$b.M3672 2013
=245  00$aÁngeles maraqueros :$btrazos neobarroc-s-ch-os en las poéticas latinoamericanas /$cedición, estudio preliminar y bibliografía de Ángeles Mateo del Pino ; Roberto Echavarren [and 15 more].
=250  \\$aPrimera edición.
=264  \1$a[Buenos Aires?] :$bEdiciones Katatay,$c2013.
=300  \\$a462 pages ;$c20 cm.
=336  \\$atext$2rdacontent
=337  \\$aunmediated$2rdamedia
=338  \\$avolume$2rdacarrier
=490  0\$aEnsayos
=504  \\$aIncludes bibliographical references.
=650  \0$aLatin American literature$y20th century$xHistory and criticism.
=650  \0$aBaroque literature$xHistory and criticism.
=700  1\$aMateo del Pino, Angeles,$eeditor of compilation.
=852  41$aBritish Library$bHMNTS$jYF.2014.a.19388
=856  41$uhttp://core.cambeiro.com.ar/0-159016-7.pdf
=CAT  \\$a6503$b40$c20140703$lBLL01$h1547
=CAT  \\$a11002$b40$c20140904$lBLL01$h0823
=CAT  \\$aBATCH-UPD$b40$c20190130$lBLL01$h1854
=FIN  \\$aY$d20140904
=FMT  \\$a  BK
=LAS  \\$aBATCH-UPD$b40$c20190130$lBLL01$h1854
=SRC  \\$aBLL02

