=LDR  01674 am a2200433 i 4500
=001  016766255
=003  Uk
=005  20150806090220.0
=008  140514s2013\\\\ag\\\\\\\\\\\\000\0\spa\d
=010  \\$a  2012516567
=020  \\$a9789505128167
=020  \\$a9505128169
=035  \\$a(OCoLC)912139230
=040  \\$aAR-BaFGC$beng$cDLC$dOCLCO$dUk$erda
=042  \\$aukblderived
=043  \\$as-ag---
=050  00$aBX1378.7$b.F733 2013
=100  0\$aFrancis,$cPope,$d1936-$eauthor.
=245  13$aLa patria es un don, la nación una tarea :$brefundar con esperanza nuestros vínculos sociales /$cCardenal Jorge Mario Bergoglio, sj.
=264  \1$aBuenos Aires, República Argentina :$bEditorial Claretiana,$c[2013]
=300  \\$a140 pages ;$c20 cm
=336  \\$atext$2rdacontent
=337  \\$aunmediated$2rdamedia
=338  \\$avolume$2rdacarrier
=500  \\$aCompilation of sermons by Jorge Bergoglio in the Te Deums held at the Cathedral of Buenos Aires every May 25th from 1999-2004; 2006, 2010-2012.
=600  00$aFrancis,$cPope,$d1936-$vSermons.
=610  20$aCatholic Church$vSermons.
=650  \0$aSermons, Spanish$zArgentina.
=651  \0$aArgentina$xSocial conditions.
=710  2\$aCatholic Church.$bConferencia Episcopal Argentina.$tPatria es un don, la Nación una tarea.
=852  41$aBritish Library$bHMNTS$jYF.2015.a.15619
=856  41$uhttp://core.cambeiro.com.ar/0-174032-1.pdf
=CAT  \\$a6503$b40$c20140704$lBLL01$h1217
=CAT  \\$a11131$b40$c20150806$lBLL01$h0902
=CAT  \\$aBATCH-UPD$b40$c20150928$lBLL01$h2056
=FIN  \\$aY$d20150806
=FMT  \\$a  BK
=LAS  \\$aBATCH-UPD$b40$c20150928$lBLL01$h2056
=SID  \\$aZ39$bOCLC

