=LDR  01467 am a2200421 i 4500
=001  016766305
=003  Uk
=005  20140917114905.0
=008  131011s2013\\\\sp\\\\\\\b\\\\000\0\spa\d
=010  \\$a  2012516278
=020  \\$a9789876273923
=035  \\$a(AR-BaFGC)0-170841/0
=040  \\$aAR-BaFGC$cAR-BaFGC$dDLC$dUk$erda
=042  \\$aukblderived
=043  \\$as-ve---
=050  00$aF2329$b.G835 2013
=100  1\$aGuerrero, Modesto Emilio,$eauthor.
=245  10$aChavismo sin Chávez :$bla lucha por el poder en tiempos de la transición /$cModesto Emilio Guerrero.
=250  \\$a1ra edición.
=264  \1$aBarcelona :$bEdiciones B, Grupo Zeta,$c[2013]
=300  \\$a327 pages ;$c23 cm
=336  \\$atext$2rdacontent
=337  \\$aunmediated$2rdamedia
=338  \\$avolume$2rdacarrier
=504  \\$aIncludes bibliographical references (pages 325-327).
=650  \0$aSocialism$zVenezuela$xHistory$y21st century.
=651  \0$aVenezuela$xPolitics and government$y1999-
=651  \0$aVenezuela$xArmed Forces$xPolitical activity.
=852  41$aBritish Library$bHMNTS$jYF.2014.a.20717
=856  41$uhttp://core.cambeiro.com.ar/0-170841-0.pdf
=CAT  \\$a6503$b40$c20140704$lBLL01$h1338
=CAT  \\$a10904$b40$c20140912$lBLL01$h0805
=CAT  \\$a8962$b40$c20140917$lBLL01$h1149
=CAT  \\$aBATCH-UPD$b40$c20160124$lBLL01$h2101
=FIN  \\$aY$d20140912
=FMT  \\$a  BK
=LAS  \\$aBATCH-UPD$b40$c20160124$lBLL01$h2101
=SRC  \\$aBLL02

