=LDR  01534cam a2200421 i 4500
=001  016766333
=003  Uk
=005  20140820085812.0
=008  131127s2013\\\\ag\a\\\\\b\\\\000\0bspa\d
=010  \\$a  2012516238
=020  \\$a9789502321608
=035  \\$a(AR-BaFGC)0-171229/0
=040  \\$aAR-BaFGC$cAR-BaFGC$dDLC$dUk$erda
=042  \\$aukblderived
=043  \\$as-ag---
=050  00$aF2846.P44$bM85 2013
=100  1\$aMuiño, Oscar,$eauthor.
=245  10$aChacho :$bmedio siglo de revolución y guerra civil en La Rioja y la Argentina de Ángel Vicente Peñaloza, 1810-1863 /$cOscar Muiño.
=250  \\$aPrimera edición.
=264  \1$aCiudad de Buenos Aires :$bEudeba,$c2013.
=300  \\$a260 pages :$b1 illustration ;$c24 cm
=336  \\$atext$2rdacontent
=337  \\$aunmediated$2rdamedia
=338  \\$avolume$2rdacarrier
=504  \\$aIncludes bibliographical references (pages 257-260).
=600  10$aPeñaloza, Angel Vicente,$d1798-1863.
=650  \0$aGovernment, Resistance to$zArgentina$xHistory$y19th century.
=650  \0$aCaudillos$zArgentina$zLa Rioja (Province)$vBiography.
=651  \0$aArgentina$xHistory$y19th century.
=852  41$aBritish Library$bHMNTS$jYF.2014.a.18697
=856  41$uhttp://core.cambeiro.com.ar/0-171229-0.pdf
=CAT  \\$a6503$b40$c20140704$lBLL01$h1401
=CAT  \\$a11002$b40$c20140820$lBLL01$h0858
=CAT  \\$aBATCH-UPD$b40$c20230420$lBLL01$h1813
=FIN  \\$aY$d20140820
=FMT  \\$a  BK
=LAS  \\$aBATCH-UPD$b40$c20230420$lBLL01$h1813
=SRC  \\$aBLL02

