=LDR  02175 am a22005417a 4500
=001  016766349
=003  Uk
=005  20161010141210.0
=008  120912s2011\\\\ag\\\\\\\b\\\\000\0\spa\d
=010  \\$a  2012377913
=020  \\$a9789506056872
=020  \\$a9506056870
=035  \\$a(OCoLC)816261045
=040  \\$aAR-BaFGC$beng$cDLC$dN15$dNYP$dOCLCF$dOCL$dUk
=042  \\$aukblderived
=043  \\$as-ag---
=050  00$aHV6322.3.A7$bA44 2011
=100  1\$aAlgañaraz, Víctor.
=245  10$aMemorias de otro territorio :$bgenocidio y control social: la dictadura en San Juan /$cVictor Algañaraz, José Casas.
=250  \\$a1. ed.
=260  \\$a[San Juan, San Juan, Argentina] :$bEditorial Fundación Universidad Nacional de San Juan,$c2011.
=300  \\$a586 p. ;$c21 cm.
=336  \\$atext$btxt$2rdacontent
=337  \\$aunmediated$bn$2rdamedia
=338  \\$avolume$bnc$2rdacarrier
=504  \\$aIncludes bibliographical references.
=648  \7$a1900-1999$2fast
=650  \0$aState-sponsored terrorism$zArgentina$zSan Juan (Province)$xHistory$y20th century.
=650  \0$aDisappeared persons$zArgentina$zSan Juan (Province)$xHistory$y20th century.
=650  \7$aDisappeared persons.$2fast$0(OCoLC)fst00894675
=650  \7$aPolitics and government.$2fast$0(OCoLC)fst01919741
=650  \7$aState-sponsored terrorism.$2fast$0(OCoLC)fst01131965
=651  \0$aSan Juan (Argentina : Province)$xPolitics and government$y20th century.
=651  \0$aArgentina$xPolitics and government$y1955-1983.
=651  \7$aArgentina.$2fast$0(OCoLC)fst01205614
=651  \7$aArgentina$zSan Juan (Province)$2fast$0(OCoLC)fst01330594
=655  \7$aHistory.$2fast$0(OCoLC)fst01411628
=700  1\$aCasas, José$q(José Nicanor).
=852  41$aBritish Library$bHMNTS$jYF.2016.a.22305
=856  41$uhttp://core.cambeiro.com.ar/0-165101-0.pdf
=CAT  \\$a6503$b40$c20140704$lBLL01$h1415
=CAT  \\$aBATCH-UPD$b40$c20150817$lBLL01$h2130
=CAT  \\$a11131$b40$c20161010$lBLL01$h1412
=CAT  \\$aBATCH-UPD$b40$c20170319$lBLL01$h2132
=FIN  \\$aY$d20161010
=FMT  \\$a  BK
=LAS  \\$aBATCH-UPD$b40$c20170319$lBLL01$h2132
=SID  \\$aZ39$bOCLC

