=LDR  02106 am a2200553 i 4500
=001  016766352
=003  Uk
=005  20150806071239.0
=008  141201s2012\\\\ag\a\\\\\b\\\f000\0cspa\d
=010  \\$a  2014510238
=020  \\$a9789876880022
=020  \\$a9876880020
=035  \\$a(OCoLC)907585862$z(OCoLC)884266865
=040  \\$aAR-BaFGC$beng$cDLC$dNOC$dOCLCF$dUk$erda
=042  \\$aukblderived
=043  \\$as-ag---
=050  00$aF2847.A935$bD34 2012
=100  1\$aDaghero, Sergio M.,$eauthor.
=245  10$aAvellaneda y Roca :$bfrontera y poder /$cSergio M. Daghero.
=250  \\$aPrimera edición.
=264  \1$aRío Cuarto, Córdoba, Argentina :$bUniRío Editora, UNRC, Universidad Nacional de Río Cuarto,$cabril de 2012.
=300  \\$a140 pages :$billustrations ;$c21 cm
=336  \\$atext$2rdacontent
=337  \\$aunmediated$2rdamedia
=338  \\$avolume$2rdacarrier
=504  \\$aIncludes bibliographical references (pages 127-149).
=600  10$aAvellaneda, Nicolás,$d1837-1885.
=600  10$aRoca, Julio Argentino,$d1843-1914.
=600  17$aAvellaneda, Nicolás,$d1837-1885$2fast$0(OCoLC)fst00152816
=600  17$aRoca, Julio Argentino,$d1843-1914$2fast$0(OCoLC)fst00078153
=648  \7$a1860 - 1910$2fast
=650  \0$aPresidents$zArgentina$vBiography.
=650  \7$aBoundaries.$2fast$0(OCoLC)fst00837076
=650  \7$aPresidents.$2fast$0(OCoLC)fst01075723
=651  \0$aArgentina$xPolitics and government$y1860-1910.
=651  \7$aArgentina.$2fast$0(OCoLC)fst01205614
=655  \7$aBiography.$2fast$0(OCoLC)fst01423686
=655  \7$aHistory.$2fast$0(OCoLC)fst01411628
=852  41$aBritish Library$bHMNTS$jYF.2015.a.15533
=856  41$uhttp://core.cambeiro.com.ar/0-167249-0.pdf
=CAT  \\$a6503$b40$c20140704$lBLL01$h1419
=CAT  \\$aBATCH-UPD$b40$c20140724$lBLL01$h2022
=CAT  \\$a11131$b40$c20150806$lBLL01$h0712
=CAT  \\$aBATCH-UPD$b40$c20150806$lBLL01$h0713
=CAT  \\$aBATCH-UPD$b40$c20210320$lBLL01$h1736
=FIN  \\$aY$d20150806
=FMT  \\$a  BK
=LAS  \\$aBATCH-UPD$b40$c20210320$lBLL01$h1736
=SID  \\$aZ39$bOCLC

