=LDR  01309 am a2200385 i 4500
=001  016766355
=003  Uk
=005  20150209120444.0
=008  120614s2012\\\\ag\a\\\\\b\\\\001\0dspa\d
=010  \\$a  2012377585
=020  \\$a9789871677573
=035  \\$a(AR-BaFGC)0-166621/0
=040  \\$aAR-BaFGC$cAR-BaFGC$dDLC$dUk$erda
=042  \\$aukblderived
=043  \\$as-ag---
=050  00$aF2846.3.R7$bD63 2012
=100  10$aDoallo, Beatriz Celina.
=245  10$aJuan Manuel de Rosas :$bel exilio del restaurador, 1852-1877 /$cBeatriz Celina Doallo.
=260  \\$a[Buenos Aires?] :$bEdiciones Fabro,$c2012.
=300  \\$a329 pages :$billustrations ;$c22 cm
=336  \\$atext$2rdacontent
=337  \\$aunmediated$2rdamedia
=338  \\$avolume$2rdacarrier
=504  \\$aIncludes bibliographical references and index.
=600  10$aRosas, Juan Manuel de,$d1793-1877$xExile$zGreat Britain.
=651  \0$aArgentina$xHistory$y1817-1860.
=852  41$aBritish Library$bHMNTS$jYF.2015.a.2996
=856  41$uhttp://core.cambeiro.com.ar/0-166621-0.pdf
=CAT  \\$a6503$b40$c20140704$lBLL01$h1420
=CAT  \\$a11131$b40$c20150209$lBLL01$h1204
=CAT  \\$aBATCH-UPD$b40$c20150927$lBLL01$h2142
=FIN  \\$aY$d20150209
=FMT  \\$a  BK
=LAS  \\$aBATCH-UPD$b40$c20150927$lBLL01$h2142
=SRC  \\$aBLL02

