=LDR  01435 am a2200409 a 4500
=001  016766357
=003  Uk
=005  20140820135630.0
=008  120828s2011\\\\ag\\\\\\\b\\\f000\0dspa\d
=010  \\$a  2012377851
=020  \\$a9789871288380
=035  \\$a(AR-BaFGC)0-166970/1
=040  \\$aAR-BaFGC$cAR-BaFGC$dDLC$dUk
=042  \\$aukblderived
=043  \\$as-ag---$ae-po---
=050  00$aF3001.9.P8$bF75 2011
=100  1\$aFrías, Susana R.
=245  10$aPortugueses en Buenos Aires :$bmito y realidad /$cSusana R. Frías.
=260  \\$aBuenos Aires :$bAcademia Nacional de la Historia,$c2011.
=300  \\$a121 p. ;$c23 cm.
=336  \\$atext$2rdacontent
=337  \\$aunmediated$2rdamedia
=338  \\$avolume$2rdacarrier
=490  0\$aCuadernos del Grupo de Trabajo sobre Historia de la Población ;$v9
=504  \\$aIncludes bibliographical references.
=650  \0$aPortuguese$zArgentina$zBuenos Aires$xHistory$y17th century.
=650  \0$aPortuguese$zArgentina$zBuenos Aires$vBiography.
=650  \0$aBuenos Aires (Argentina)$xHistory$vBiography.
=852  41$aBritish Library$bHMNTS$jYF.2014.a.18672
=856  41$uhttp://core.cambeiro.com.ar/0-166970-1.pdf
=CAT  \\$a6503$b40$c20140704$lBLL01$h1423
=CAT  \\$a11002$b40$c20140820$lBLL01$h1355
=CAT  \\$a11002$b40$c20140820$lBLL01$h1356
=FIN  \\$aY$d20140820
=FMT  \\$a  BK
=LAS  \\$a11002$b40$c20140820$lBLL01$h1356
=SRC  \\$aBLL02

