=LDR  02316 am a2200517 i 4500
=001  016766392
=003  Uk
=005  20160109094620.0
=008  140116s2013\\\\ag\\\\\\\b\\\f100\0\spa\d
=010  \\$a  2012516415
=020  \\$a9789871889228
=035  \\$a(AR-BaFGC)0-149502/4
=040  \\$aAR-BaFGC$cAR-BaFGC$dDLC$erda
=042  \\$aukblcatcopy
=043  \\$as-ag---
=050  00$aF2841$b.S671 2005
=111  2\$aSimposio "La Construcción Social de los Discursos: ideologías, prácticas y representaciones, Río de la Plata, período tardocolonial"$d(2005 :$cRosario, Santa Fe, Argentina)
=245  10$aIdeologías, prácticas y discursos :$bla construcción cultural del mundo social, siglos XVII-XIX /$cJaime Antonio Peire, Mariano Di Pasquale y Arrigo Amadori, compiladores.
=250  \\$aPrimera edición.
=264  \1$a[Caseros, Argentina] :$bEDUNTREF, Editorial de la Universidad Nacional de Tres de Febrero,$c[2013]
=300  \\$a359 pages ;$c23 cm.
=336  \\$atext$2rdacontent
=337  \\$aunmediated$2rdamedia
=338  \\$avolume$2rdacarrier
=490  0\$aColección de estudios de historia cultural
=504  \\$aIncludes bibliographical references.
=650  \0$aPolitical culture$zArgentina$xHistory$y18th century$vCongresses.
=650  \0$aPolitical culture$zArgentina$xHistory$y19th century$vCongresses.
=651  \0$aArgentina$xCivilization$y18th century$vCongresses.
=651  \0$aArgentina$xCivilization$y19th century$vCongresses.
=651  \0$aArgentina$xSocial life and customs$y18th century$vCongresses.
=651  \0$aArgentina$xSocial life and customs$y19th century$vCongresses.
=700  1\$aPeire, Jaime,$eeditor of compilation.
=700  1\$aPasquale, Mariano di,$eeditor of compilation.
=700  1\$aAmadori, Arrigo,$eeditor of compilation.
=710  2\$aUniversidad Nacional de Tres de Febrero.$bPrograma de Historia Cultural.
=852  41$aBritish Library$bHMNTS$jYF.2016.a.637
=856  41$uhttp://core.cambeiro.com.ar/0-149502-4.pdf
=CAT  \\$a6503$b40$c20140704$lBLL01$h1456
=CAT  \\$a10904$b40$c20141201$lBLL01$h1154
=CAT  \\$aBATCH-UPD$b40$c20150523$lBLL01$h1709
=CAT  \\$a11002$b40$c20160109$lBLL01$h0946
=FIN  \\$aY$d20160109
=FMT  \\$a  BK
=LAS  \\$a11002$b40$c20160109$lBLL01$h0946
=SRC  \\$aBLL02

