=LDR  01369 am a2200385 i 4500
=001  016767797
=003  Uk
=005  20140911133751.0
=008  131126s2013\\\\ag\\\\\\\b\\\f000\0\spa\d
=010  \\$a  2012516254
=020  \\$a9789871741670
=035  \\$a(AR-BaFGC)0-171692/1
=040  \\$aAR-BaFGC$cAR-BaFGC$dDLC$dUk$erda
=042  \\$aukblderived
=043  \\$as-ag---
=050  00$aPC4871$b.Q47 2013
=245  03$aLa querella de la lengua en Argentina :$bantología /$cestudio liminar y selección de Fernando Alfón.
=264  \1$aCiudad Autónoma de Buenos Aires :$bMuseo del Libro y de la Lengua :$bEdiciones Biblioteca Nacional,$c2013.
=300  \\$a274 pages ;$c23 cm.
=336  \\$atext$2rdacontent
=337  \\$aunmediated$2rdamedia
=338  \\$avolume$2rdacarrier
=490  0\$aColección Museo del Libro y de la Lengua
=504  \\$aIncludes bibliographical references.
=650  \0$aSpanish language$zArgentina.
=650  \0$aLanguage and culture$zArgentina.
=700  1\$aAlfón, Fernando,$d1975-$eeditor of compilation.
=852  41$aBritish Library$bHMNTS$jYF.2014.a.19950
=856  41$uhttp://core.cambeiro.com.ar/0-171692-1.pdf
=CAT  \\$a6503$b40$c20140704$lBLL01$h1546
=CAT  \\$a10904$b40$c20140911$lBLL01$h1337
=FIN  \\$aY$d20140911
=FMT  \\$a  BK
=LAS  \\$a10904$b40$c20140911$lBLL01$h1337
=SRC  \\$aBLL02

