=LDR  01511 am a2200433 i 4500
=001  016767810
=003  Uk
=005  20141031073332.0
=008  131216s2013\\\\ag\a\\\\\b\\\\000\0\spa\d
=010  \\$a  2012516245
=020  \\$a9789505579921
=035  \\$a(AR-BaFGC)0-18253/73
=040  \\$aAR-BaFGC$cAR-BaFGC$dDLC$dUk$erda
=042  \\$aukblderived
=043  \\$as-ag---
=050  00$aUA613$b.F75 2013
=100  1\$aFrederic, Sabina,$eauthor.
=245  14$aLas trampas del pasado :$blas Fuerzas Armadas y su integración al Estado democrático en Argentina /$cSabina Frederic.
=250  \\$aPrimera edición.
=264  \1$aBuenos Aires, Argentina :$bFondo de Cultura Económica,$c2013.
=300  \\$a433 pages :$billustrations ;$c17 cm.
=336  \\$atext$2rdacontent
=337  \\$aunmediated$2rdamedia
=338  \\$avolume$2rdacarrier
=490  0\$aColección Popular ;$v714
=490  0\$aSerie Breves
=504  \\$aIncludes bibliographical references (pages 423-433).
=650  \0$aMilitary education$zArgentina.
=651  \0$aArgentina$xMilitary policy.
=651  \0$aArgentina$xArmed Forces$xWomen.
=651  \0$aArgentina$xArmed Forces$xRecruiting, enlistment, etc.
=852  41$aBritish Library$bHMNTS$jYF.2014.a.24215
=856  41$uhttp://core.cambeiro.com.ar/0-18253-73.pdf
=CAT  \\$a6503$b40$c20140704$lBLL01$h1604
=CAT  \\$a10904$b40$c20141031$lBLL01$h0733
=FIN  \\$aY$d20141031
=FMT  \\$a  BK
=LAS  \\$a10904$b40$c20141031$lBLL01$h0733
=SRC  \\$aBLL02

