=LDR  01910 am a22004697a 4500
=001  016767817
=003  Uk
=005  20170307103913.0
=008  120921s2012\\\\ag\\\\\\\b\\\\000\j\spa\d
=010  \\$a  2012505894
=020  \\$a9789871474592
=020  \\$a9871474598
=035  \\$a(OCoLC)819532460
=040  \\$aAR-BaFGC$beng$cN15$dDLC$dTJC$dIXA$dRBN$dOCLCF$dUk
=042  \\$aukblderived
=050  \4$aPQ7798.13.O71788$bA6 2012
=050  \4$aPQ7798.13.O71788$bJ68 2012
=100  1\$aCorreas, Carlos,$eauthor.
=245  14$aLos jóvenes y otros cuentos /$cCarlos Correas ; con un postfacio de José Fraguas y Eduardo Muslip.
=250  \\$aPrimera edición.
=260  \\$aBuenos Aires, Argentina :$bMansalva,$c©2012.
=300  \\$a126 p. ;$c22 cm.
=336  \\$atext$btxt$2rdacontent
=337  \\$aunmediated$bn$2rdamedia
=338  \\$avolume$bnc$2rdacarrier
=490  1\$aColección Poesía y ficción latinoamericana ;$v71
=500  \\$aTitle appears on t.p. as: "Lós jóvenes y otros cuentos."
=504  \\$aIncludes bibliographical references.
=505  0\$aLos jóvenes -- La narración de la historia -- Las armas tiernas -- Algo más sobre mi caso -- Los "turbios fondeaderos" de la experiencia literaria : postfácio / de José Fraguas y Eduardo Muslip.
=650  \0$aShort stories, Argentine.
=650  \7$aShort stories, Argentine.$2fast$0(OCoLC)fst01117090
=700  1\$aFraguas, José,$ewriter of added commentary.
=700  1\$aMuslip, Eduardo,$d1965-$ewriter of added commentary.
=830  \0$aPoesía y ficción latinoamericana ;$v71.
=852  41$aBritish Library$bHMNTS$jYF.2017.a.5819
=856  41$uhttp://core.cambeiro.com.ar/0-135746-61.pdf
=CAT  \\$a6503$b40$c20140704$lBLL01$h1617
=CAT  \\$a11131$b40$c20170307$lBLL01$h1039
=FIN  \\$aY$d20170307
=FMT  \\$a  BK
=LAS  \\$a11131$b40$c20170307$lBLL01$h1039
=SID  \\$aZ39$bOCLC

