=LDR  01276 am a22003734a 4500
=001  016776835
=003  Uk
=005  20140904072917.0
=008  111012s2011\\\\ag\a\\\\\b\\\\001\0\spa\d
=010  \\$a  2011438697
=020  \\$a9789500736664
=035  \\$a(AR-BaFGC)0-109555/62
=040  \\$aAR-BaFGC$cAR-BaFGC$dDLC$dUk
=042  \\$aukblderived
=043  \\$alsfk---$ae-uk---$as-ag---
=050  00$aF3031.5$b.Y64 2011
=100  1\$aYofre, Juan Bautista,$d1946-
=245  10$a1982 :$blos documentos secretos de la guerra de Malvinas-Falklands y el derrumbe del Proceso /$cJuan B. Yofre.
=260  \\$aBuenos Aires :$bEditorial Sudamericana,$cc2011.
=300  \\$a584 p. :$bill. ;$c23 cm.
=336  \\$atext$2rdacontent
=337  \\$aunmediated$2rdamedia
=338  \\$avolume$2rdacarrier
=504  \\$aIncludes bibliographcial references and index.
=650  \0$aFalkland Islands War, 1982.
=651  \0$aArgentina$xPolitics and government$y1955-1983.
=852  41$aBritish Library$bHMNTS$jYF.2014.a.19387
=856  41$uhttp://core.cambeiro.com.ar/0-109555-62.pdf
=CAT  \\$a9518$b40$c20140709$lBLL01$h0837
=CAT  \\$a11002$b40$c20140904$lBLL01$h0729
=FIN  \\$aY$d20140904
=FMT  \\$a  BK
=LAS  \\$a11002$b40$c20140904$lBLL01$h0729
=SRC  \\$aBLL02

