=LDR  01293 am a2200397 i 4500
=001  016777157
=003  Uk
=005  20140904072633.0
=008  131213s2013\\\\ag\\\\\\\\\\\\000\0dspa\d
=010  \\$a  2012516196
=020  \\$a9789875541955
=035  \\$a(AR-BaFGC)0-77516/14
=040  \\$aAR-BaFGC$cAR-BaFGC$dDLC$dUk$erda
=042  \\$aukblderived
=043  \\$as-ag---
=050  00$aPQ7633$b.V63 2013
=245  00$aVoces femeninas del exilio /$c[entrevistas por] Marianella Collette.
=264  \1$aBuenos Aires :$bEdiciones Simurg,$c[2013]
=300  \\$a214 pages ;$c20 cm.
=336  \\$atext$2rdacontent
=337  \\$aunmediated$2rdamedia
=338  \\$avolume$2rdacarrier
=490  0\$aTestimonios
=650  \0$aWomen authors, Argentine$vInterviews.
=650  \0$aAuthors, Exiled$zArgentina$vInterviews.
=650  \0$aWomen authors, Argentine$vBiography.
=651  \0$aArgentina$xHistory$yDirty War, 1976-1983.
=700  1\$aCollette, Marianella,$einterviewer.
=852  41$aBritish Library$bHMNTS$jYF.2014.a.19386
=856  41$uhttp://core.cambeiro.com.ar/0-77516-14.pdf
=CAT  \\$a6503$b40$c20140709$lBLL01$h1412
=CAT  \\$a11002$b40$c20140904$lBLL01$h0726
=FIN  \\$aY$d20140904
=FMT  \\$a  BK
=LAS  \\$a11002$b40$c20140904$lBLL01$h0726
=SRC  \\$aBLL02

