=LDR  01316 am a22003734a 4500
=001  016780126
=003  Uk
=005  20140912090936.0
=008  121211s2012\\\\ag\a\\\\\b\\\\000\0cspa\d
=010  \\$a  2012519751
=020  \\$a9789871378241
=035  \\$a(AR-BaFGC)0-167348/0
=040  \\$aAR-BaFGC$cAR-BaFGC$dDLC$dUk
=042  \\$aukblderived
=043  \\$as------
=050  00$aBV2495$b.M57 2012
=245  00$aMisioneros fundacionales del Adventismo sudamericano /$cDaniel Plenc ... [et al.].
=260  \\$aLibertador San Martín, Entre Ríos, Argentina :$bUniversidad Adventista del Plata Editorial,$cc2012.
=300  \\$a259 p. :$bill. ;$c23 cm
=336  \\$atext$2rdacontent
=337  \\$aunmediated$2rdamedia
=338  \\$avolume$2rdacarrier
=504  \\$aIncludes bibliographical references (p. [253]-259).
=650  \0$aSeventh-Day Adventists$xMissions$zSouth America$xHistory.
=650  \0$aSeventh-Day Adventists$xMissions$zSouth America$vBiography.
=700  1\$aPlenc, Daniel.
=852  41$aBritish Library$bHMNTS$jYF.2014.a.19963
=856  41$uhttp://core.cambeiro.com.ar/0-167348-0.pdf
=CAT  \\$a6503$b40$c20140710$lBLL01$h1323
=CAT  \\$a10904$b40$c20140912$lBLL01$h0909
=FIN  \\$aY$d20140912
=FMT  \\$a  BK
=LAS  \\$a10904$b40$c20140912$lBLL01$h0909
=SRC  \\$aBLL02

