=LDR  01227 am a2200397 i 4500
=001  016792673
=003  Uk
=005  20141028144535.0
=008  130528t20132013ag\a\\\\\\\\\\000\j\spa\c
=020  \\$a9789871768110
=020  \\$a9871768117
=035  \\$a(OCoLC)856427595
=040  \\$aAR-BaFGC$cN15$dNYP$dTJC$dUk$erda
=042  \\$aukblderived
=050  \4$aPQ7798.13.H38$bM63 2013
=100  1\$aChejfec, Sergio,$eauthor.
=245  10$aModo linterna /$cSergio Chejfec.
=250  \\$aPrimera edición.
=264  \1$aBuenos Aires :$bEditorial Entropía,$c2013.
=264  \4$c©2013
=300  \\$a221 pages :$billustrations ;$c20 cm.
=336  \\$atext$2rdacontent
=337  \\$aunmediated$2rdamedia
=338  \\$avolume$2rdacarrier
=490  1\$aCuentos ;$v41
=655  \0$aShort stories.
=830  \0$aCuentos (Editorial Entropía) ;$v41.
=852  41$aBritish Library$bHMNTS$jYF.2014.a.23940
=856  41$uhttp://core.cambeiro.com.ar/0-139085-5.pdf
=CAT  \\$a8157$b40$c20140721$lBLL01$h1601
=CAT  \\$a5703$b40$c20141028$lBLL01$h1445
=CAT  \\$aBATCH-UPD$b40$c20151202$lBLL01$h0835
=FIN  \\$aY$d20141028
=FMT  \\$a  BK
=LAS  \\$aBATCH-UPD$b40$c20151202$lBLL01$h0835
=SID  \\$aZ39$bOCLC

