=LDR  01955 am a2200505 a 4500
=001  014642709
=003  Uk
=005  20101006113333.0
=008  091214s2008\\\\ag\\\\\\\b\\\\000\0\spa\d
=010  \\$a2009400634
=020  \\$a9789879973592 (pbk.)
=020  \\$a9879973593 (pbk.)
=035  \\$a(AR-BaFGC)0-54528/4
=040  \\$aAR-BaFGC$beng$cAR-BaFGC$dDLC$dUk
=041  0\$aspa$hfro
=042  \\$aukblsr
=050  00$aBX4662$b.A58 2008
=245  00$aAntología castellana de relatos medievales (Ms. Esc. h-I-13) /$cestudio y edición crítica de Carina Zubillaga.
=260  \\$aBuenos Aires :$bSECRIT,$c2008.
=300  \\$aclxxxix, 460 p. ;$c23 cm.
=336  \\$atext$2rdacontent
=337  \\$aunmediated$2rdamedia
=338  \\$avolume$2rdacarrier
=490  0\$aIncipit ediciones críticas ;$v4
=504  \\$aIncludes bibliographical references (p. [clxxi]-clxxxix).
=530  \\$aAlso available via the Internet.
=610  20$aEscorial.$bReal Biblioteca$kManuscript.$nH-I-13.
=650  \0$aChristian saints$xLegends$vEarly works to 1800.
=650  \0$aChristian legends$vEarly works to 1800.
=650  \0$aChristian pilgrims and pilgrimages$vEarly works to 1800.
=650  \0$aChristian saints$xLegends$xHistory and criticism.
=650  \0$aChristian legends$xHistory and criticism.
=650  \0$aLiterature, Medieval$xTranslations into Spanish$xHistory and criticism.
=700  1\$aZubillaga, Carina.
=710  2\$aEscorial.$bReal Biblioteca$kManuscript.$nH-I-13.
=710  2\$aSeminario de Edición y Crítica Textual (Buenos Aires, Argentina)
=852  41$aBritish Library$bHMNTS$jYF.2010.a.25579
=856  41$uhttp://core.cambeiro.com.ar/0-54528-4.pdf
=CAT  \\$a6191$b40$c20080611$lBLL01$h1410
=CAT  \\$a5521$b40$c20101006$lBLL01$h1133
=CAT  \\$aBATCH-UPD$b40$c20191109$lBLL01$h1730
=FIN  \\$aY$d20101006
=FMT  \\$a  BK
=LAS  \\$aBATCH-UPD$b40$c20191109$lBLL01$h1730
=SID  \\$aZ39$bLOC

