=LDR  01372 am a22003974a 4500
=001  014912886
=003  Uk
=005  20120426110158.0
=008  100428s2008\\\\ag\a\\\\\b\\\\001\0\spa\d
=010  \\$a  2010423148
=020  \\$a9789870232049
=035  \\$a(AR-BaFGC)0-154524/0
=040  \\$aAR-BaFGC$cAR-BaFGC$dDLC$dUk
=042  \\$aukblderived
=043  \\$as-ag---
=050  00$aTC237.B8$bR63 2008
=082  00$a387.10982/110903$223
=100  10$aRocca, Edgardo J.
=245  10$aHistoria del puerto de Buenos Aires, 1536-1930 :$bhablan sus protagonistas /$cEdgardo José Rocca.
=260  \\$aBuenos Aires :$bEditorial Dunken,$c2008.
=300  \\$a254 p. :$bill. ;$c23 cm.
=336  \\$atext$2rdacontent
=337  \\$aunmediated$2rdamedia
=338  \\$avolume$2rdacarrier
=504  \\$aIncludes bibliographical references (p. [231]-239) and index.
=650  \0$aHarbors$zArgentina$zBuenos Aires$xDesign and construction$xHistory.
=651  \0$aBuenos Aires, Port of (Argentina)$xHistory.
=852  41$aBritish Library$bHMNTS$jYF.2012.a.11662
=856  41$uhttp://core.cambeiro.com.ar/0-154524-0.pdf
=CAT  \\$a6160$b40$c20090221$lBLL01$h0653
=CAT  \\$a5512$b40$c20120426$lBLL01$h1101
=CAT  \\$aBATCH-UPD$b40$c20191127$lBLL01$h1627
=FIN  \\$aY$d20120426
=FMT  \\$a  BK
=LAS  \\$aBATCH-UPD$b40$c20191127$lBLL01$h1627
=SRC  \\$aBLL02

