=LDR  02101cam a2200505 a 4500
=001  015182958
=003  Uk
=005  20120528124854.0
=008  090727s2009\\\\ag\a\\\\\b\\\\000\0\spa\d
=010  \\$a  2009400257
=020  \\$a9789870237440 (pbk.)
=035  \\$a(AR-BaFGC)0-154523/0
=040  \\$aAR-BaFGC$beng$cAR-BaFGC$dDLC$dUk
=042  \\$aukblsr
=043  \\$as-ag---
=050  00$aF2909$b.R67 2009
=100  1\$aRosal, Miguel.
=245  10$aAfricanos y afrodescendientes en el Río de la Plata, siglos XVIII-XIX /$cMiguel Angel Rosal.
=246  3\$aAfricanos y afrodescendientes en el Río de la Plata, siglos 18-19
=246  3\$aAfricanos y afrodescendientes en el Río de la Plata, siglos dieciocho, diecinueve
=260  \\$aBuenos Aires :$bDunken,$c2009.
=300  \\$a270 p. :$bill. ;$c23 cm.
=336  \\$atext$2rdacontent
=337  \\$aunmediated$2rdamedia
=338  \\$avolume$2rdacarrier
=504  \\$aIncludes bibliographic references (p. [245]-270).
=650  \0$aBlack people$zRio de la Plata Region (Argentina and Uruguay)$xEconomic conditions$y18th century.
=650  \0$aBlack people$zRio de la Plata Region (Argentina and Uruguay)$xEconomic conditions$y19th century.
=650  \0$aBlack people$zRio de la Plata Region (Argentina and Uruguay)$xReligion$y18th century.
=650  \0$aBlack people$zRio de la Plata Region (Argentina and Uruguay)$xReligion$y19th century.
=651  \0$aRio de la Plata Region (Argentina and Uruguay)$xHistory.
=852  41$aBritish Library$bHMNTS$jYF.2012.a.14911
=856  41$uhttp://core.cambeiro.com.ar/0-154523-0.pdf
=CAT  \\$a6160$b40$c20090514$lBLL01$h1100
=CAT  \\$a6066$b40$c20120528$lBLL01$h1248
=CAT  \\$aBATCH-UPD$b40$c20120528$lBLL01$h1249
=CAT  \\$aBATCH-UPD$b40$c20120528$lBLL01$h1255
=CAT  \\$a11249$b40$c20230320$lBLL01$h1715
=CAT  \\$a11249$b40$c20230320$lBLL01$h1715
=CAT  \\$a11249$b40$c20230320$lBLL01$h1716
=CAT  \\$a11249$b40$c20230320$lBLL01$h1716
=FIN  \\$aY$d20120528
=FMT  \\$a  BK
=LAS  \\$a11249$b40$c20230320$lBLL01$h1716
=SID  \\$aZ39$bLOC

